2946 4734
640 365 844 428 „68-

190 539 269 598 ovid.
289 544 339 597 art.
360 538 452 594 11521

349 626 423 680 dieta
441 625 494 680 erit
512 624 562 679 isse
580 625 661 693 foras,
680 644 764 695 quam
782 630 814 681 tu
832 627 946 682 fortasse
964 625 1078 681 videbis,

153 733 407 814 Nonnumquam
421 731 525 794 Plauti
544 732 726 794 meretrices
744 732 833 813 ipsae
850 735 1011 795 amatores
1025 752 1100 797 suos
1118 751 1192 796 cum
1213 732 1322 796 ovibus

154 836 356 915 comparant,
380 831 497 912 quibus
518 850 632 894 aurum
657 831 843 908 detondent,
865 832 952 894 velut
973 831 1125 895 Bacchid.
1149 832 1208 895 241
1226 852 1273 914 sq.

349 928 430 983 adibo
449 928 530 998 hunc,
549 946 631 998 quem
650 929 761 997 quidem
780 945 830 998 ego
849 929 931 984 hodie
949 929 1050 984 faciam
1069 929 1115 984 hie
1133 930 1249 985 arietem

348 1015 451 1079 Phrixi,
470 1015 565 1084 itaque
582 1015 702 1070 tondebo
722 1033 787 1070 auro
807 1017 945 1083 usquead
964 1015 1054 1070 vivam
1074 1020 1173 1073 cutem.

153 1101 303 1167 Bacchid.
329 1104 405 1166 lter
420 1124 490 1185 sqq.
510 1103 680 1168 Mercator.
702 1105 766 1167 511
776 1125 823 1186 sq.
847 1107 961 1169 eadem
983 1105 1048 1169 tere
1070 1105 1231 1171 dicuntur.

152 1219 303 1285 Similiter
324 1214 439 1295 siladet
460 1219 646 1302 Propertius
665 1219 824 1301 Cynthiae
847 1222 870 1283 ll
895 1223 1032 1304 16,7sq.

347 1335 432 1386 quare
450 1317 571 1388 si‘sapis,
591 1319 697 1373 oblatas
714 1336 749 1372 ne
768 1320 861 1374 desere
879 1337 984 1388 messes,

419 1408 448 1459 et
465 1404 592 1459 stolidum
612 1407 692 1474 pleno
712 1407 811 1461 vellere
829 1425 911 1477 carpe
926 1424 1016 1478 pecus.

247 1507 392 1589 Denlque
421 1509 588 1574 simillimis
616 1511 722 1574 verbis
753 1513 784 1575 in
807 1512 912 1576 Plauti
940 1512 1135 1577 Truculento
1158 1517 1192 1577 et
1216 1513 1319 1579 Ovidii

151 1611 220 1670 arte
250 1608 434 1672 meretrices
464 1610 696 1692 depinguntur,
730 1631 814 1693 quae
845 1632 971 1693 semper
1000 1632 1102 1676 novas
1129 1632 1246 1676 causas
1274 1613 1319 1677 in-

152 1705 296 1784 veniunt,
321 1708 438 1788 quibus
457 1709 624 1774 iuvenibus
647 1712 732 1775 dona
754 1712 901 1775 eliciant:

186 1820 293 1875 Trucul.
313 1823 343 1876 51
356 1841 413 1892 sqq.

301 1909 459 1979 priusquam
479 1930 563 1965 unum
584 1911 696 1974 dederis,
716 1913 835 1980 centum,
854 1927 924 1978 quae
942 1913 1045 1980 poseat,
1062 1912 1158 1980 parat:

298 1999 348 2050 aut
366 1998 449 2066 periit
468 2016 566 2052 aurum
586 2002 636 2052 aut
654 1998 787 2052 conscissa
804 1999 908 2068 pallula
926 2000 968 2052 est

296 2084 346 2136 aut
364 2087 459 2153 empta
479 2083 582 2138 ancilla
598 2088 648 2138 aut
668 2084 779 2153 aliquod
800 2103 894 2139 vasum
913 2086 1074 2153 argenteum

297 2172 345 2223 aut
364 2187 459 2223 vasum
478 2171 599 2225 ahenum
618 2171 762 2239 antiquom
782 2174 831 2225 aut
850 2172 934 2224 lectus
952 2173 968 2237 †
986 2169 1097 2239 laptiles

296 2256 345 2309 aut
363 2257 512 2311 armariola
532 2258 643 2318 Graeca,
664 2263 713 2312 aut
731 2258 836 2328 aliquid
853 2275 960 2327 semper
979 2259 1028 2326 est,

296 2342 368 2409 quod
388 2344 406 2409 †
425 2336 505 2411 petra
523 2334 677 2413 debeatque
696 2363 791 2399 amans
811 2347 900 2399 scorto
917 2361 974 2398 suo.

183 2441 260 2497 Ovid.
279 2447 331 2498 art.
351 2444 363 2496 I
380 2446 432 2500 419
446 2463 504 2515 sqq.

344 2547 407 2585 eum
427 2531 496 2586 bene
515 2532 620 2602 vitaris,
639 2537 732 2587 tamen
751 2532 871 2586 auferet:
890 2529 998 2584 invenit
1015 2531 1104 2583 artem

395 2617 506 2683 femina,
526 2633 581 2688 qua
600 2618 693 2688 cupidi
713 2621 810 2688 carpat
827 2615 946 2671 amantis
965 2632 1036 2686 opes.

342 2703 454 2759 institor
473 2705 508 2759 ad
527 2705 669 2760 dominam
689 2705 780 2759 veniet
799 2704 946 2758 discinctus
965 2718 1094 2764 emacem,

394 2791 521 2861 expediet
539 2809 641 2846 merces
659 2796 741 2860 teque
760 2791 872 2845 sedente
889 2808 958 2859 suas,
999 2838 1003 2845 .

343 2895 410 2945 quas
431 2879 479 2932 illa
496 2879 631 2948 inspicias,
651 2896 745 2949 sapere
764 2881 796 2932 ut
814 2878 923 2931 videare
941 2875 1060 2945 rogabit,

394 2965 486 3019 oscula
503 2965 602 3019 deinde
621 2965 712 3029 dabit;
731 2964 831 3019 deinde
848 2962 959 3033 rogabit
978 2979 1060 3017 emas.

341 3051 393 3105 hoc
411 3052 469 3106 fore
487 3054 647 3107 contentam
666 3053 766 3106 multos
780 3050 885 3105 iurabit
902 3050 932 3103 in
951 3065 1045 3112 annos,

393 3156 466 3193 nunc
485 3156 552 3209 opus
570 3157 627 3194 esse
645 3139 706 3203 sibi,
725 3139 799 3193 nunc
817 3139 887 3192 bene
905 3137 979 3191 dicet
993 3135 1048 3190 emi
1066 3152 1121 3203 eqs.

195 3240 218 3275 v.
238 3223 288 3276 431
345 3226 421 3294 quid,
443 3244 504 3280 cum
523 3226 649 3281 mendaci
667 3227 767 3281 damno
788 3224 971 3280 maestissima
988 3224 1080 3293 plorat

395 3315 556 3383 elapsasque
575 3331 642 3368 cava
660 3313 775 3382 fingitur
794 3330 859 3367 aure
879 3311 970 3382 lapis?

341 3399 429 3453 multa
448 3403 549 3470 rogant
565 3400 669 3454 utenda
687 3399 755 3464 dari,
774 3400 840 3454 data
859 3398 971 3452 reddere
989 3398 1103 3461 nolunt,

394 3486 483 3554 perdis
503 3490 530 3540 et
549 3488 578 3540 in
596 3488 697 3541 damno
715 3486 808 3556 gratia
825 3487 901 3539 nulla
918 3487 975 3538 tue.

147 3575 258 3658 Neque
283 3598 359 3644 vero
382 3582 474 3646 aliter
493 3583 574 3646 haec
595 3584 626 3645 in
651 3581 815 3646 amoribus
836 3581 849 3643 l
871 3582 900 3657 8,
913 3581 952 3643 87
965 3599 1034 3661 sqq.
1058 3580 1272 3659 exponuntur.

232 3697 460 3762 Foedissimam
503 3700 640 3781 deniqne
681 3699 857 3780 nequitiam
898 3701 929 3760 et
969 3695 1139 3760 avaritiam
1178 3692 1315 3761 ostendit

148 3796 295 3861 Cleareta
318 3798 349 3861 in
372 3799 478 3863 Plauti
501 3800 667 3877 Asinaria,
700 3819 772 3863 cum
796 3797 903 3861 iuveni
925 3796 1119 3878 supplicanti
1140 3794 1315 3861 identidem

148 3897 189 3960 ad
217 3897 303 3960 hunc
325 3899 457 3962 modum
485 3900 658 3981 respondet
679 3920 708 3961 v.
732 3899 793 3962 940
812 3917 881 3979 sqq.

233 4013 315 4066 modo
332 4016 423 4068 tecum
444 4032 500 4068 una
518 4017 663 4083 argentum
684 4016 798 4078 adferto,
818 4013 897 4068 facilc
917 4011 1008 4082 patiar
1026 4013 1125 4066 cetera

234 4100 401 4169 portitorum
420 4100 583 4154 simillumae
600 4104 663 4155 sunt
679 4101 779 4155 ianuae
796 4099 935 4155 lenoniae:

234 4189 257 4242 si
275 4189 373 4253 adfers,
393 4190 452 4240 tum
471 4189 577 4256 patent,
594 4186 616 4240 si
634 4204 690 4240 non
708 4191 756 4256 est,
776 4187 849 4256 quod
867 4188 922 4253 des,
942 4185 1021 4239 aedes
1040 4198 1097 4237 non
1114 4185 1222 4253 petent.
