2946 4734
697 230 741 296 80

148 406 246 487 ότερα
278 404 361 487 ἅπερ
393 415 596 487 παρατηρεῖν
620 402 731 487 ἐχρῆν)
755 403 825 468 ἐστι
858 405 904 469 τὰ
936 404 1072 487 ἠθικὰ
1102 399 1171 467 καὶ
1203 405 1295 487 χρή-

148 526 248 592 σιμα
271 509 372 592 ἡμῖν
394 520 485 584 τοῖς
508 508 872 593 ἐντυγχανουσιν’
890 503 1295 590 ὅραοῦνκτλ.,αΐ.θὲίαω

147 613 234 679 Med.
251 615 315 678 29ss
338 624 436 679 τοῦτο
460 613 500 679 οὐ
524 611 809 697 δογματίζων
834 613 1007 696 ὁποιηιὴς
1029 610 1128 695 λέγει,
1150 611 1235 678 Aut.
1252 612 1294 676 75

149 717 460 802 ἐπεμβέβληιαι
484 729 613 784 ταῦτα
636 731 728 795 τοῖς
750 723 986 803 ποιήμασιν
1016 717 1094 783 οὐκ
1117 715 1295 803 ἀχρείως

150 825 212 898 εἰς
242 823 470 907 εὐσέβειαν
502 827 846 907 προτρεπόμενα,
879 823 967 889 Don.
1000 822 1066 888 Ad.
1098 819 1209 908 praef.
1233 819 1293 886 19

150 927 202 1009 ,iu
224 927 300 995 hac
322 931 568 1016 spectatur,
600 928 682 1016 quid
709 928 852 995 intersit
879 929 971 994 inter
1001 926 1164 993 rusticam
1187 925 1294 992 vitam

151 1037 185 1099 et
214 1036 409 1100 urbanam.
435 1058 461 1099 ,ι
497 1034 651 1120 quibu's
686 1033 931 1121 propositis
973 1032 1025 1099 ad
1060 1030 1294 1118 exemplum
1329 1081 1333 1087 .

149 1137 362 1206 imitanda
385 1140 568 1226 perinde
598 1139 902 1226 fugiendoque
925 1139 1015 1203 Ter.
1046 1139 1294 1204 monstrans

151 1243 352 1310 artificis
389 1249 548 1332 poetae
585 1267 660 1332 per
704 1247 842 1310 totam
886 1243 1075 1310 fabulam
1120 1240 1296 1308 obtinet

150 1348 339 1430 laudem‘,
375 1350 440 1415 Ad.
464 1351 572 1436 praef.
596 1351 645 1415 13
681 1349 872 1436 ,prodest
903 1352 940 1415 ct
970 1348 1120 1415 delectat
1150 1350 1231 1413 actu
1259 1350 1295 1413 ct

151 1453 252 1533 stilo‘,
290 1455 375 1519 Eun.
409 1455 517 1519 3824
555 1454 643 1536 ,Ter
677 1455 798 1521 laudat
832 1462 1129 1541 argumentum
1165 1450 1294 1518 huius

151 1558 347 1641 fabulae,
372 1558 509 1646 inquo
527 1559 1009 1647 exemplumpromitur,
1027 1554 1296 1647 quodprosit

150 1664 427 1750 parentibus,
453 1666 569 1731 obsit
591 1665 925 1750 meretricibus;
957 1669 993 1731 et
1016 1664 1114 1731 simul
1138 1663 1294 1729 delibe-

150 1769 401 1836 rationibus
447 1774 670 1852 traotans,
717 1793 767 1836 an
804 1772 867 1836 sit
903 1770 1170 1850 faciendum‘,
1208 1767 1294 1833 Eun.

150 1876 259 1961 praef.
276 1876 326 1940 19
351 1875 440 1958 ,Ten
457 1876 641 1962 prodest
665 1877 875 1964 exemplis
893 1927 920 1941 ..
938 1876 1134 1962 exempla
1155 1879 1294 1940 autem

151 2002 310 2046 morum
334 1981 399 2047 hio
421 1983 543 2048 trina
564 1987 870 2069 proponuntur
893 1986 967 2062 etc,
999 1980 1064 2046 Ad.
1088 1981 1153 2044 535
1177 1976 1294 2066 ,quod

151 2084 367 2152 deDemea
390 2086 574 2167 dicitur,
597 2088 639 2151 in
663 2110 802 2153 omues
825 2089 1033 2174 parentes
1056 2084 1146 2150 dici
1167 2085 1291 2170 puta‘,

150 2191 330 2278 praecipue
353 2192 514 2278 Excerpt.
545 2192 586 2257 de
612 2214 692 2257 com.
717 2193 779 2258 Vl
814 2191 993 2272 ,comoedia
1025 2193 1077 2256 est
1110 2186 1230 2255 fabula
1253 2234 1292 2252 ..

150 2295 314 2361 instituta
346 2297 521 2362 continens
547 2347 553 2361 .
579 2348 585 2361 .
611 2296 729 2382 quibus
764 2296 976 2378 discitur,
1015 2294 1117 2383 quid
1154 2291 1217 2359 sit
1253 2290 1295 2357 iu

152 2400 246 2465 vita
268 2400 400 2481 utile,
432 2401 533 2487 quid
557 2409 712 2468 contra
736 2401 1007 2482 evitandum‘,
1042 2395 1295 2465 annutans

151 2527 239 2570 nova
263 2505 432 2572 comoedia
455 2510 508 2571 est
533 2507 670 2585 ‚utilis
699 2507 963 2587 sententiis‘,
993 2505 1075 2571 Hoc.
1100 2500 1294 2590 pracf.13

153 2631 237 2690 ,oum
267 2610 416 2676 delectet
446 2610 643 2698 plurimum,
679 2634 744 2676 nou
774 2611 882 2676 minus
907 2608 1128 2676 utilitatis
1151 2605 1294 2674 affert

46 2776 50 2787 .
151 2715 502 2800 spectatoribus.
550 2715 626 2781 Non
649 2716 757 2801 igitur
779 2718 886 2783 solum
905 2715 1062 2781 inducere
1078 2713 1180 2779 debet
1194 2715 1296 2798 pocta

151 2820 241 2906 quod
274 2821 384 2907 prosit
418 2822 687 2907 spectatoribus,
728 2821 786 2886 sed
818 2822 920 2886 etiam
952 2820 1201 2899 demonstrare,
1236 2836 1295 2883 cur

151 2926 268 3009 prosit,
298 2948 397 3012 quam
421 2926 624 2992 sententiam
647 2927 798 2993 invenies
823 2925 925 2992 etiam
947 2925 983 2989 in
1007 2923 1122 2990 scholi.
1146 2920 1295 3009 propriis

152 3030 346 3096 Ad.141.2
372 3036 568 3118 ,apparet
591 3032 841 3097 Terentium
871 3031 1023 3096 fovere
1052 3025 1294 3096 lenissimis

151 3136 372 3221 patribus,
406 3136 514 3201 unde
547 3137 738 3202 subiecit
768 3137 899 3202 etiam
932 3135 1152 3201 rationem
1182 3130 1295 3199 facti

151 3239 347 3321 Micioni‘,
383 3241 448 3306 An.
480 3241 585 3306 3125
621 3240 801 3328 ,prooemia
834 3245 913 3306 sunt
946 3239 1138 3326 petitioniS,
1175 3236 1294 3324 quibus

153 3344 352 3410 ostendit
376 3351 504 3430 poeta
527 3346 759 3427 rationem,
792 3368 858 3432 qua
888 3367 977 3411 nova
1006 3349 1042 3410 et
1064 3343 1219 3430 improba
1241 3362 1295 3407 res

152 3450 266 3515 tumen
289 3450 440 3535 petitur‘,
465 3450 530 3515 An.
555 3452 659 3515 8201
686 3451 777 3531 ,baec
793 3472 913 3516 scaena
936 3449 1192 3515 officiorum
1214 3446 1295 3513 dis·

153 3556 454 3642 ceptationem
479 3557 631 3622 continet
653 3561 790 3642 patrum
825 3556 916 3621 inter
948 3577 983 3621 se
1015 3554 1056 3620 de
1080 3552 1191 3619 officio
1215 3551 1296 3619 ami·

153 3683 267 3726 corum
290 3661 608 3743 tractantium‘,
643 3661 708 3727 Ad.
733 3662 838 3726 8303
869 3661 1051 3742 ,ἀντίθεσις
1080 3658 1124 3724 ad
1147 3656 1295 3744 priorem

152 3769 400 3832 tractatum
424 3767 615 3853 pertinum,
647 3767 705 3852 qui
735 3776 787 3832 est
809 3766 946 3831 habitus
977 3764 1019 3830 dc
1042 3762 1296 3849 consumptione

154 3870 205 3936 rei
217 3871 415 3949 familiaris,
433 3872 626 3957 quibuscum
650 3871 762 3937 verbis
785 3871 968 3955 coniungas
992 3891 1105 3935 vocem
1120 3872 1295 3951 φιλοσοφι·

154 3987 218 4051 κῶς
234 3976 352 4041 scholii
374 4000 444 4043 rem
469 3979 551 4042 bene
574 3976 783 4042 illustrantis
807 3975 866 4041 scd
889 3997 910 4039 a
932 3997 1063 4039 morum
1086 3971 1296 4058 expositione

153 4080 256 4146 aiieni
277 4081 363 4146 Eun.
385 4082 488 4147 saal
507 4081 540 4167 1).

239 4186 329 4252 Aliis
362 4189 397 4252 et
428 4185 573 4274 propriis
596 4185 709 4253 verbis
740 4189 957 4271 praeceptum
988 4182 1216 4270 significatum
1243 4182 1298 4246 est

245 4312 271 4379 1)
291 4310 368 4377 Quod
388 4316 474 4363 totum
493 4310 567 4378 sapit
585 4309 736 4364 Platonem.
