2946 4734
676 206 717 269 69

196 384 279 448 Tum
314 385 476 449 citandum
512 389 557 448 est
593 405 741 460 carmen,
779 386 865 468 quod
895 387 1086 469 Nymphii
1118 390 1286 456 cuiusdam

114 506 248 550 uxorem
271 486 457 550 consolatur
480 486 520 549 de
541 492 644 549 morte
663 487 766 549 mariti
791 484 893 567 (anth.
916 485 1036 552 latur.
1057 489 1152 568 itti:

252 614 410 686 Nymphius
428 618 541 670 aeterno
560 615 704 670 devinctus
723 617 845 671 membra
863 633 969 688 sopore,

321 702 366 756 hie
384 701 453 756 situs
472 706 522 765 est,
541 703 617 757 caelo
638 720 713 758 mena
734 702 780 771 pia
798 703 958 770 perfruitur.

250 789 329 843 Meus
348 788 425 843 ridet
442 792 525 852 astra,
544 791 621 857 quies
640 789 739 842 tumuli
758 789 955 858 complectitur
972 795 1059 859 artus,

320 874 440 929 caleavit
457 875 552 930 tristes
570 880 667 929 sancta
685 875 751 929 fides
769 876 906 930 tenebras.

218 962 234 1015 5
252 960 290 1015 Te
308 964 360 1015 tua
379 977 428 1029 pro
449 961 555 1015 meritis
574 961 685 1015 virtutis
702 961 737 1016 ad
756 963 832 1014 astru
851 961 971 1016 vehebat

320 1046 509 1116 intuleratque
528 1047 587 1101 alto
606 1047 700 1102 debita
718 1048 794 1101 fama
815 1048 885 1116 polo.

254 1133 422 1187 Immortalis
441 1135 508 1197 erim
526 1152 591 1188 num
610 1134 699 1188 multa
718 1135 799 1189 laude
820 1134 927 1203 vigebit

323 1220 405 1275 vivax
423 1225 553 1275 venturos
571 1220 662 1290 gloria
679 1237 729 1289 per
748 1220 873 1291 populos.

252 1307 290 1362 Te
309 1307 396 1361 coluit
414 1306 557 1375 proprium
574 1306 714 1377 provincia
733 1309 834 1360 cuncta
853 1310 994 1376 parentem

201 1393 233 1447 lu
321 1393 458 1461 optabant
477 1391 563 1447 vitam
582 1391 696 1463 publiea
716 1395 781 1446 vcta
798 1395 885 1448 tuam.

254 1478 388 1532 Exeruere
407 1481 456 1531 tuo
475 1477 612 1546 quondam
632 1478 698 1530 data
718 1495 832 1531 munera
851 1480 964 1548 sumptu

322 1562 482 1633 plaudentis
499 1564 594 1634 populi
615 1563 719 1632 gaudia
736 1579 785 1632 per
804 1581 912 1620 euneos.

254 1649 405 1706 Concilium
427 1666 572 1719 procerum
595 1666 643 1718 per
659 1653 688 1704 te
708 1650 799 1719 patria
817 1651 892 1705 alma
910 1650 1020 1706 vocarit

328 1753 410 1804 seque
428 1738 478 1789 tuo
498 1735 579 1789 duxit
597 1736 720 1790 sanctius
738 1754 785 1791 ore
805 1736 889 1805 loqui.
932 1791 938 1798 ,

209 1823 240 1875 15
259 1821 389 1876 Publicus
407 1822 518 1877 orbatas
537 1823 618 1876 modo
636 1823 726 1876 luctus
745 1823 854 1877 conficit
871 1823 953 1877 urbes

312 1906 485 1987 xconfusique
504 1907 609 1970 sedent,
629 1907 713 1960 anxia
732 1908 824 1971 turba,
845 1911 946 1976 patres,

252 1997 284 2048 ut
303 1994 395 2062 cupite
414 1996 509 2064 erepto
528 1994 670 2065 torpentia
689 1995 812 2048 membra
829 1995 979 2064 rigescunt,

328 2084 359 2133 ut
378 2098 446 2149 grex
465 2080 564 2135 amisso
582 2080 707 2152 principe
726 2086 832 2135 maeret
850 2081 931 2135 iners.

254 2166 343 2220 Parva
361 2165 413 2218 tibi
431 2166 551 2220 coniunx
567 2166 662 2236 magni
678 2166 780 2221 solacia
797 2167 888 2221 luctus

199 2252 234 2305 20
320 2253 395 2305 hunc
413 2252 513 2306 tumuli
533 2253 647 2306 titulum
669 2257 773 2308 incesta
793 2254 894 2308 Serena
912 2253 995 2308 dieat.

253 2336 313 2390 Heu
330 2336 467 2391 individui
486 2355 595 2406 semper
613 2355 703 2393 comes
721 2338 819 2393 addit-a
838 2339 919 2393 fulcri

322 2423 480 2477 unanimam
501 2424 554 2478 tibi
573 2442 602 2478 se
620 2425 710 2479 lustra
727 2442 777 2496 per
795 2428 856 2479 coto
875 2424 960 2479 dedit.

250 2512 347 2566 Dulcis
365 2512 424 2566 vita
442 2512 497 2566 fuit
515 2516 619 2567 tecum:
638 2529 728 2567 comes
746 2512 830 2566 anxia
847 2512 938 2566 lucem

322 2601 462 2651 aeternam
478 2615 591 2667 sperans
608 2598 682 2652 hanc
700 2597 779 2666 eupit
797 2614 853 2651 esse
873 2598 993 2651 brevem.

195 2716 298 2783 Huius
328 2720 476 2784 carminis
508 2721 745 2801 argumentatio
786 2724 835 2783 est
865 2718 963 2782 haec:
1003 2715 1066 2780 flue
1109 2712 1282 2778 christiana

112 2817 293 2900 Nymphius
315 2820 429 2884 devicit
451 2820 515 2884 vim
532 2821 644 2886 mortis
659 2819 760 2905 (1-);
779 2819 954 2883 laudantur
975 2815 1076 2898 gloria
1097 2815 1128 2876 et
1147 2812 1284 2891 dignitas

114 2917 183 2982 eius
203 2918 380 3000 populique
400 2939 527 2983 maeror
549 2925 581 2985 et
602 2940 782 3002 procerum,
804 2937 942 3001 quorum
964 2933 1107 2980 amorem
1123 2908 1285 2975 beneficiis

113 3021 145 3082 et
169 3018 339 3083 virtutibus
360 3019 400 3082 sit
419 3020 555 3101 adeptus
578 3019 719 3102 (5-14).
761 3019 841 3083 Elam
873 3016 916 3081 ob
940 3033 1072 3080 causam
1102 3030 1188 3075 mors
1217 3008 1284 3071 eius

113 3117 280 3200 publicum
308 3120 481 3184 commovit
502 3120 625 3185 luctum
656 3118 815 3202 (15-18).
858 3118 972 3182 Uxoris
1002 3118 1108 3179 autem
1140 3111 1283 3175 dolorem

114 3217 203 3281 leniri
233 3237 298 3280 non
327 3220 424 3282 modo
453 3221 514 3283 hoc
542 3219 684 3283 carmine
716 3219 843 3299 lugubri
873 3213 1021 3299 (la-22)
1051 3211 1282 3278 verumetiam

114 3316 198 3380 laeta
220 3316 270 3381 illa
280 3337 345 3398 spe,
369 3319 472 3382 mariti
495 3319 638 3382 animam
651 3320 765 3400 degere
776 3335 894 3381 novam
906 3315 1004 3380 vitam
1016 3313 1144 3377 beatam
1156 3307 1286 3393 (nalal).

591 3594 816 3661 Conclusio.

196 3744 242 3808 Ea
282 3763 359 3807 vero
399 3763 483 3826 quae
521 3746 560 3808 de
591 3744 786 3812 Graecorum
827 3748 859 3808 et
892 3743 1113 3808 Romanorum
1142 3738 1283 3802 carmine

110 3844 324 3911 consolatorio
358 3844 464 3908 adhuc
501 3845 594 3908 attuli
633 3850 779 3929 respectu
818 3844 909 3926 quasi
947 3840 1181 3921 contemplatus
1214 3860 1279 3904 non

116 3944 249 4010 omnino
271 3945 527 4007 consentiorum
550 3943 731 4023 Bureschio‚
759 3944 813 4026 qui
835 3948 944 4026 poetas
979 3941 1043 4006 iam
1078 3939 1180 4004 mullo
1209 3943 1286 4003 ante

113 4044 284 4125 scriptores
316 4042 477 4125 prosaicos
508 4044 741 4111 consolationes
779 4043 995 4126 composuisse
1024 4039 1196 4105 contendit.
1245 4037 1280 4102 ld
