<?xml version="1.0" encoding="UTF-8"?>
<!DOCTYPE html PUBLIC "-//W3C//DTD XHTML 1.0 Transitional//EN"
    "http://www.w3.org/TR/xhtml1/DTD/xhtml1-transitional.dtd">
<html xmlns="http://www.w3.org/1999/xhtml" xml:lang="en" lang="en">
 <head>
  <title>
</title>
<meta http-equiv="Content-Type" content="text/html;charset=utf-8" />
  <meta name='ocr-system' content='tesseract 3.04.00' />
  <meta name='ocr-capabilities' content='ocr_page ocr_carea ocr_par ocr_line ocrx_word'/>
</head>
<body>
  <div class='ocr_page' id='page_1' title='image "./deincertipoetae00schagoog_0189.png"; bbox 0 0 2946 4734; ppageno 0'>
   <div class='ocr_carea' id='block_1_1' title="bbox 701 388 908 450">
    <p class='ocr_par' dir='ltr' id='par_1_1' title="bbox 701 388 908 450">
     <span class='ocr_line' id='line_1_1' title="bbox 701 388 908 450; baseline 0 -19"><span class='ocrx_word' id='word_1_1' title='bbox 701 388 908 450; x_wconf 67' lang='lat'>..14-</span> 
     </span>
    </p>
   </div>
   <div class='ocr_carea' id='block_1_2' title="bbox 320 561 1251 807">
    <p class='ocr_par' dir='ltr' id='par_1_2' title="bbox 320 561 1251 807">
     <span class='ocr_line' id='line_1_2' title="bbox 321 561 1204 633; baseline 0.003 -18"><span class='ocrx_word' id='word_1_2' title='bbox 321 561 382 631; x_wconf 86' lang='lat' dir='ltr'>quis</span> <span class='ocrx_word' id='word_1_3' title='bbox 401 562 496 618; x_wconf 90' lang='lat' dir='ltr'>modus</span> <span class='ocrx_word' id='word_1_4' title='bbox 514 561 566 616; x_wconf 86' lang='lat' dir='ltr'>tibi</span> <span class='ocrx_word' id='word_1_5' title='bbox 585 562 666 617; x_wconf 87' lang='lat' dir='ltr'>exilio</span> <span class='ocrx_word' id='word_1_6' title='bbox 684 561 796 617; x_wconf 80' lang='lat' dir='ltr'>landem</span> <span class='ocrx_word' id='word_1_7' title='bbox 817 563 933 627; x_wconf 85' lang='lat' dir='ltr'>eveniet,</span> <span class='ocrx_word' id='word_1_8' title='bbox 952 563 1080 632; x_wconf 78' lang='lat' dir='ltr'>quilinio</span> <span class='ocrx_word' id='word_1_9' title='bbox 1100 562 1204 633; x_wconf 74' lang='lat' dir='ltr'>fugae?</span> 
     </span>
     <span class='ocr_line' id='line_1_3' title="bbox 320 647 1251 719; baseline 0.004 -17"><span class='ocrx_word' id='word_1_10' title='bbox 320 665 391 718; x_wconf 84' lang='lat' dir='ltr'>quae</span> <span class='ocrx_word' id='word_1_11' title='bbox 407 647 500 718; x_wconf 86' lang='lat' dir='ltr'>patria</span> <span class='ocrx_word' id='word_1_12' title='bbox 517 651 567 703; x_wconf 82' lang='lat' dir='ltr'>aut</span> <span class='ocrx_word' id='word_1_13' title='bbox 584 647 679 702; x_wconf 87' lang='lat' dir='ltr'>domus</span> <span class='ocrx_word' id='word_1_14' title='bbox 696 648 750 702; x_wconf 81' lang='lat' dir='ltr'>libi</span> <span class='ocrx_word' id='word_1_15' title='bbox 767 648 873 703; x_wconf 78' lang='lat' dir='ltr'>stabilis</span> <span class='ocrx_word' id='word_1_16' title='bbox 891 666 946 704; x_wconf 84' lang='lat' dir='ltr'>esse</span> <span class='ocrx_word' id='word_1_17' title='bbox 965 649 1090 719; x_wconf 77' lang='lat' dir='ltr'>poterit?</span> <span class='ocrx_word' id='word_1_18' title='bbox 1108 650 1153 705; x_wconf 84' lang='lat' dir='ltr'>dic</span> <span class='ocrx_word' id='word_1_19' title='bbox 1172 649 1251 706; x_wconf 73' lang='lat' dir='ltr'>mihi</span> 
     </span>
     <span class='ocr_line' id='line_1_4' title="bbox 320 730 1224 807; baseline 0 -17"><span class='ocrx_word' id='word_1_20' title='bbox 320 736 394 804; x_wconf 83' lang='lat' dir='ltr'>cedo,</span> <span class='ocrx_word' id='word_1_21' title='bbox 413 734 435 787; x_wconf 83' lang='lat' dir='ltr'>ri</span> <span class='ocrx_word' id='word_1_22' title='bbox 453 734 505 788; x_wconf 88' lang='lat' dir='ltr'>hac</span> <span class='ocrx_word' id='word_1_23' title='bbox 523 733 590 788; x_wconf 89' lang='lat' dir='ltr'>urbe</span> <span class='ocrx_word' id='word_1_24' title='bbox 609 730 667 787; x_wconf 87' lang='lat' dir='ltr'>abis</span> <span class='ocrx_word' id='word_1_25' title='bbox 687 734 816 788; x_wconf 80' lang='lat' dir='ltr'><strong>Amorem</strong></span> <span class='ocrx_word' id='word_1_26' title='bbox 833 737 862 789; x_wconf 85' lang='lat' dir='ltr'>te</span> <span class='ocrx_word' id='word_1_27' title='bbox 880 734 925 789; x_wconf 89' lang='lat' dir='ltr'>hic</span> <span class='ocrx_word' id='word_1_28' title='bbox 944 735 1103 789; x_wconf 87' lang='lat' dir='ltr'>relicturum</span> <span class='ocrx_word' id='word_1_29' title='bbox 1121 735 1224 807; x_wconf 79' lang='lat' dir='ltr'>puteal</span> 
     </span>
    </p>
   </div>
   <div class='ocr_carea' id='block_1_3' title="bbox 217 829 1384 996">
    <p class='ocr_par' dir='ltr' id='par_1_3' title="bbox 217 829 1384 996">
     <span class='ocr_line' id='line_1_5' title="bbox 217 829 1002 909; baseline -0.003 -13"><span class='ocrx_word' id='word_1_30' title='bbox 217 831 317 897; x_wconf 91' lang='lat' dir='ltr'>Porro</span> <span class='ocrx_word' id='word_1_31' title='bbox 339 831 371 895; x_wconf 93' lang='lat' dir='ltr'>in</span> <span class='ocrx_word' id='word_1_32' title='bbox 393 829 499 893; x_wconf 87' lang='lat' dir='ltr'>Plauti</span> <span class='ocrx_word' id='word_1_33' title='bbox 519 829 708 893; x_wconf 91' lang='lat' dir='ltr'>Trimumno</span> <span class='ocrx_word' id='word_1_34' title='bbox 730 829 864 909; x_wconf 87' lang='lat' dir='ltr'>legimus</span> <span class='ocrx_word' id='word_1_35' title='bbox 887 851 918 894; x_wconf 87' lang='lat' dir='ltr'>v.</span> <span class='ocrx_word' id='word_1_36' title='bbox 940 831 1002 894; x_wconf 87' lang='grc'>668</span> 
     </span>
     <span class='ocr_line' id='line_1_6' title="bbox 320 925 1384 996; baseline -0.002 -14"><span class='ocrx_word' id='word_1_37' title='bbox 320 929 361 984; x_wconf 82' lang='lat' dir='ltr'>ita</span> <span class='ocrx_word' id='word_1_38' title='bbox 379 927 536 989; x_wconf 74' lang='lat' dir='ltr'>cathmor,</span> <span class='ocrx_word' id='word_1_39' title='bbox 561 926 671 982; x_wconf 83' lang='lat' dir='ltr'>ballista</span> <span class='ocrx_word' id='word_1_40' title='bbox 688 929 720 980; x_wconf 89' lang='lat' dir='ltr'>ut</span> <span class='ocrx_word' id='word_1_41' title='bbox 737 925 851 980; x_wconf 84' lang='lat' dir='ltr'>iacitur:</span> <span class='ocrx_word' id='word_1_42' title='bbox 877 926 947 980; x_wconf 92' lang='lat' dir='ltr'>nihil</span> <span class='ocrx_word' id='word_1_43' title='bbox 965 926 1003 982; x_wconf 90' lang='lat' dir='ltr'>sio</span> <span class='ocrx_word' id='word_1_44' title='bbox 1020 926 1108 982; x_wconf 88' lang='lat' dir='ltr'>celere</span> <span class='ocrx_word' id='word_1_45' title='bbox 1125 929 1168 981; x_wconf 83' lang='lat' dir='ltr'>eat</span> <span class='ocrx_word' id='word_1_46' title='bbox 1194 944 1285 996; x_wconf 87' lang='lat' dir='ltr'>nequo</span> <span class='ocrx_word' id='word_1_47' title='bbox 1303 925 1384 980; x_wconf 73' lang='lat' dir='ltr'>volat</span> 
     </span>
    </p>
   </div>
   <div class='ocr_carea' id='block_1_4' title="bbox 217 1014 1388 3005">
    <p class='ocr_par' dir='ltr' id='par_1_4' title="bbox 217 1014 1388 3005">
     <span class='ocr_line' id='line_1_7' title="bbox 217 1014 1384 1096; baseline -0.003 -15"><span class='ocrx_word' id='word_1_48' title='bbox 217 1018 342 1096; x_wconf 88' lang='lat' dir='ltr'><strong>Quibus</strong></span> <span class='ocrx_word' id='word_1_49' title='bbox 357 1016 483 1080; x_wconf 90' lang='lat' dir='ltr'>duobus</span> <span class='ocrx_word' id='word_1_50' title='bbox 501 1014 587 1090; x_wconf 85' lang='lat' dir='ltr'>locis,</span> <span class='ocrx_word' id='word_1_51' title='bbox 611 1034 684 1077; x_wconf 89' lang='lat' dir='ltr'>cum</span> <span class='ocrx_word' id='word_1_52' title='bbox 697 1014 802 1078; x_wconf 87' lang='lat' dir='ltr'>Plauti</span> <span class='ocrx_word' id='word_1_53' title='bbox 818 1014 946 1079; x_wconf 88' lang='lat' dir='ltr'>fabulae</span> <span class='ocrx_word' id='word_1_54' title='bbox 958 1015 1115 1080; x_wconf 81' lang='lat' dir='ltr'>Mercator</span> <span class='ocrx_word' id='word_1_55' title='bbox 1129 1019 1160 1079; x_wconf 89' lang='lat' dir='ltr'>et</span> <span class='ocrx_word' id='word_1_56' title='bbox 1176 1014 1384 1079; x_wconf 90' lang='lat' dir='ltr'>Trinumrnus</span> 
     </span>
     <span class='ocr_line' id='line_1_8' title="bbox 218 1112 1384 1199; baseline -0.003 -17"><span class='ocrx_word' id='word_1_57' title='bbox 218 1139 257 1182; x_wconf 86' lang='lat' dir='ltr'>ex</span> <span class='ocrx_word' id='word_1_58' title='bbox 277 1115 474 1181; x_wconf 87' lang='lat' dir='ltr'>Philemonis</span> <span class='ocrx_word' id='word_1_59' title='bbox 496 1134 664 1196; x_wconf 80' lang='lat' dir='ltr'>expressae</span> <span class='ocrx_word' id='word_1_60' title='bbox 688 1114 768 1191; x_wconf 85' lang='lat' dir='ltr'>sint,</span> <span class='ocrx_word' id='word_1_61' title='bbox 791 1115 926 1178; x_wconf 86' lang='lat' dir='ltr'>fortasse</span> <span class='ocrx_word' id='word_1_62' title='bbox 947 1112 1061 1179; x_wconf 86' lang='lat' dir='ltr'>Plauti</span> <span class='ocrx_word' id='word_1_63' title='bbox 1076 1120 1206 1199; x_wconf 81' lang='lat' dir='ltr'>auctor,</span> <span class='ocrx_word' id='word_1_64' title='bbox 1230 1114 1384 1193; x_wconf 84' lang='lat' dir='ltr'>Philemo,</span> 
     </span>
     <span class='ocr_line' id='line_1_9' title="bbox 217 1214 1269 1296; baseline -0.002 -16"><span class='ocrx_word' id='word_1_65' title='bbox 217 1218 250 1280; x_wconf 91' lang='lat' dir='ltr'>in</span> <span class='ocrx_word' id='word_1_66' title='bbox 272 1214 445 1296; x_wconf 86' lang='lat' dir='ltr'>exemplari</span> <span class='ocrx_word' id='word_1_67' title='bbox 468 1215 590 1277; x_wconf 87' lang='lat' dir='ltr'>Graeco</span> <span class='ocrx_word' id='word_1_68' title='bbox 613 1214 694 1277; x_wconf 87' lang='lat' dir='ltr'>tales</span> <span class='ocrx_word' id='word_1_69' title='bbox 715 1214 909 1294; x_wconf 80' lang='lat' dir='ltr'>tragicorum</span> <span class='ocrx_word' id='word_1_70' title='bbox 933 1214 1019 1278; x_wconf 90' lang='lat' dir='ltr'>locos</span> <span class='ocrx_word' id='word_1_71' title='bbox 1042 1215 1193 1296; x_wconf 82' lang='lat' dir='ltr'>attigerat</span> <span class='ocrx_word' id='word_1_72' title='bbox 1213 1216 1269 1278; x_wconf 91' lang='lat' dir='ltr'>ut:</span> 
     </span>
     <span class='ocr_line' id='line_1_10' title="bbox 252 1318 639 1392; baseline -0.016 -16"><span class='ocrx_word' id='word_1_73' title='bbox 252 1320 379 1392; x_wconf 87' lang='lat' dir='ltr'>Sophocl.</span> <span class='ocrx_word' id='word_1_74' title='bbox 401 1318 494 1388; x_wconf 71' lang='lat' dir='ltr'>Antig.</span> <span class='ocrx_word' id='word_1_75' title='bbox 513 1319 563 1372; x_wconf 84' lang='lat'>785</span> <span class='ocrx_word' id='word_1_76' title='bbox 581 1336 639 1386; x_wconf 89' lang='lat' dir='ltr'>sqq.</span> 
     </span>
     <span class='ocr_line' id='line_1_11' title="bbox 365 1398 1257 1479; baseline -0.001 -21"><span class='ocrx_word' id='word_1_77' title='bbox 365 1403 474 1479; x_wconf 84' lang='grc' dir='ltr'>(Ἔρως)</span> <span class='ocrx_word' id='word_1_78' title='bbox 493 1404 594 1472; x_wconf 80' lang='grc' dir='ltr'><em>φοιτᾶς</em></span> <span class='ocrx_word' id='word_1_79' title='bbox 612 1400 642 1456; x_wconf 73' lang='grc' dir='ltr'>δ’</span> <span class='ocrx_word' id='word_1_80' title='bbox 662 1398 848 1477; x_wconf 80' lang='grc' dir='ltr'><em>ὸπερπόντιος</em></span> <span class='ocrx_word' id='word_1_81' title='bbox 869 1404 899 1457; x_wconf 79' lang='grc' dir='ltr'>ἕν</span> <span class='ocrx_word' id='word_1_82' title='bbox 918 1401 942 1458; x_wconf 77' lang='grc' dir='ltr'>τ’</span> <span class='ocrx_word' id='word_1_83' title='bbox 961 1401 1132 1478; x_wconf 67' lang='grc' dir='ltr'><strong><em>ἀγρονόμοις</em></strong></span> <span class='ocrx_word' id='word_1_84' title='bbox 1150 1400 1257 1469; x_wconf 63' lang='lat' dir='ltr'>oritate,</span> 
     </span>
     <span class='ocr_line' id='line_1_12' title="bbox 500 1485 1083 1562; baseline 0.002 -19"><span class='ocrx_word' id='word_1_85' title='bbox 500 1492 547 1543; x_wconf 82' lang='grc' dir='ltr'>καὶ</span> <span class='ocrx_word' id='word_1_86' title='bbox 563 1485 588 1544; x_wconf 85' lang='lat' dir='ltr'>o&#39;</span> <span class='ocrx_word' id='word_1_87' title='bbox 607 1485 665 1543; x_wconf 74' lang='grc' dir='ltr'>οὔτ’</span> <span class='ocrx_word' id='word_1_88' title='bbox 685 1486 837 1542; x_wconf 73' lang='grc' dir='ltr'>ἀθανάτων</span> <span class='ocrx_word' id='word_1_89' title='bbox 854 1489 971 1562; x_wconf 78' lang='grc' dir='ltr'><strong><em>φύξιμος</em></strong></span> <span class='ocrx_word' id='word_1_90' title='bbox 991 1488 1083 1552; x_wconf 77' lang='grc' dir='ltr'><em>οὕδοίς</em></span> 
     </span>
     <span class='ocr_line' id='line_1_13' title="bbox 503 1570 982 1650; baseline 0.004 -21"><span class='ocrx_word' id='word_1_91' title='bbox 503 1571 567 1630; x_wconf 73' lang='grc' dir='ltr'>οὔθ’</span> <span class='ocrx_word' id='word_1_92' title='bbox 586 1570 710 1650; x_wconf 76' lang='grc' dir='ltr'><em>ἁμερίων</em></span> <span class='ocrx_word' id='word_1_93' title='bbox 728 1576 759 1629; x_wconf 82' lang='grc' dir='ltr'>σέ</span> <span class='ocrx_word' id='word_1_94' title='bbox 771 1571 799 1645; x_wconf 76' lang='grc' dir='ltr'>γ’</span> <span class='ocrx_word' id='word_1_95' title='bbox 818 1572 982 1650; x_wconf 70' lang='grc' dir='ltr'><em>ἀνθρώπων.</em></span> 
     </span>
     <span class='ocr_line' id='line_1_14' title="bbox 252 1670 767 1742; baseline -0.006 -14"><span class='ocrx_word' id='word_1_96' title='bbox 252 1673 295 1728; x_wconf 89' lang='lat' dir='ltr'>vel</span> <span class='ocrx_word' id='word_1_97' title='bbox 315 1671 453 1742; x_wconf 75' lang='lat' dir='ltr'>Euripidis</span> <span class='ocrx_word' id='word_1_98' title='bbox 470 1670 613 1740; x_wconf 81' lang='lat' dir='ltr'>Hippolyt.</span> <span class='ocrx_word' id='word_1_99' title='bbox 633 1672 700 1726; x_wconf 81' lang='lat'><strong>1269</strong></span> <span class='ocrx_word' id='word_1_100' title='bbox 709 1689 767 1740; x_wconf 89' lang='lat' dir='ltr'>sqq.</span> 
     </span>
     <span class='ocr_line' id='line_1_15' title="bbox 865 1752 961 1810; baseline -0.01 -1"><span class='ocrx_word' id='word_1_101' title='bbox 865 1752 917 1810; x_wconf 84' lang='grc' dir='ltr'>σὸν</span> <span class='ocrx_word' id='word_1_102' title='bbox 934 1756 961 1808; x_wconf 63' lang='lat' dir='ltr'>u</span> 
     </span>
     <span class='ocr_line' id='line_1_16' title="bbox 511 1838 941 1917; baseline 0.002 -23"><span class='ocrx_word' id='word_1_103' title='bbox 511 1838 526 1894; x_wconf 86' lang='grc' dir='ltr'><em>ὸ</em></span> <span class='ocrx_word' id='word_1_104' title='bbox 546 1843 759 1917; x_wconf 81' lang='grc' dir='ltr'><em>ποικιλόπτερος</em></span> <span class='ocrx_word' id='word_1_105' title='bbox 777 1839 941 1915; x_wconf 67' lang='grc' dir='ltr'><em>ἀμφιβαλών</em></span> 
     </span>
     <span class='ocr_line' id='line_1_17' title="bbox 512 1929 756 2003; baseline 0.012 -23"><span class='ocrx_word' id='word_1_106' title='bbox 512 1929 640 2002; x_wconf 82' lang='grc' dir='ltr'><em>ὠκοτατῳ</em></span> <span class='ocrx_word' id='word_1_107' title='bbox 657 1929 756 2003; x_wconf 78' lang='grc' dir='ltr'><em>πτερῷ,</em></span> 
     </span>
     <span class='ocr_line' id='line_1_18' title="bbox 511 2009 1053 2088; baseline -0.002 -20"><span class='ocrx_word' id='word_1_108' title='bbox 511 2013 631 2068; x_wconf 81' lang='grc' dir='ltr'><em>ποτᾶται</em></span> <span class='ocrx_word' id='word_1_109' title='bbox 650 2013 682 2067; x_wconf 78' lang='grc' dir='ltr'>δ”</span> <span class='ocrx_word' id='word_1_110' title='bbox 698 2013 743 2069; x_wconf 79' lang='grc' dir='ltr'>ἐπὶ</span> <span class='ocrx_word' id='word_1_111' title='bbox 761 2022 848 2084; x_wconf 80' lang='grc' dir='ltr'><em>γαῖαν</em></span> <span class='ocrx_word' id='word_1_112' title='bbox 867 2012 1003 2088; x_wconf 74' lang='grc' dir='ltr'><em>εὸᾰχητόν</em></span> <span class='ocrx_word' id='word_1_113' title='bbox 1020 2009 1053 2067; x_wconf 75' lang='grc' dir='ltr'>θ’</span> 
     </span>
     <span class='ocr_line' id='line_1_19' title="bbox 511 2095 831 2172; baseline 0.013 -20"><span class='ocrx_word' id='word_1_114' title='bbox 511 2095 637 2172; x_wconf 72' lang='grc' dir='ltr'><em>ἁλμυρὸν</em></span> <span class='ocrx_word' id='word_1_115' title='bbox 656 2099 703 2154; x_wconf 78' lang='grc' dir='ltr'>ἐπὶ</span> <span class='ocrx_word' id='word_1_116' title='bbox 720 2098 831 2156; x_wconf 81' lang='grc' dir='ltr'><em>πόντον.</em></span> 
     </span>
     <span class='ocr_line' id='line_1_20' title="bbox 511 2174 1094 2261; baseline 0.003 -23"><span class='ocrx_word' id='word_1_117' title='bbox 511 2186 612 2256; x_wconf 74' lang='grc' dir='ltr'><em>θέλγει</em></span> <span class='ocrx_word' id='word_1_118' title='bbox 628 2182 658 2239; x_wconf 78' lang='lat' dir='ltr'>‹i&#39;</span> <span class='ocrx_word' id='word_1_119' title='bbox 668 2185 762 2260; x_wconf 83' lang='grc' dir='ltr'><em>Ἔρως,</em></span> <span class='ocrx_word' id='word_1_120' title='bbox 782 2174 802 2261; x_wconf 76' lang='grc' dir='ltr'><em>ᾧ</em></span> <span class='ocrx_word' id='word_1_121' title='bbox 819 2187 980 2260; x_wconf 79' lang='grc' dir='ltr'><em>μαινομένᾳ</em></span> <span class='ocrx_word' id='word_1_122' title='bbox 994 2187 1094 2260; x_wconf 71' lang='grc' dir='ltr'><em>κραδίᾳ</em></span> 
     </span>
     <span class='ocr_line' id='line_1_21' title="bbox 510 2262 963 2349; baseline 0.004 -24"><span class='ocrx_word' id='word_1_123' title='bbox 510 2268 614 2334; x_wconf 86' lang='grc' dir='ltr'><em>πτανὸς</em></span> <span class='ocrx_word' id='word_1_124' title='bbox 633 2272 777 2349; x_wconf 76' lang='grc' dir='ltr'><em>ἑφορμασῃ</em></span> <span class='ocrx_word' id='word_1_125' title='bbox 796 2292 851 2345; x_wconf 88' lang='lat' dir='ltr'>eqs.</span> <span class='ocrx_word' id='word_1_126' title='bbox 961 2262 963 2266; x_wconf 14' lang='grc' dir='ltr'><em>Α</em></span> 
     </span>
     <span class='ocr_line' id='line_1_22' title="bbox 223 2367 1388 2450; baseline 0 -18"><span class='ocrx_word' id='word_1_127' title='bbox 223 2369 286 2433; x_wconf 86' lang='lat' dir='ltr'>Sed</span> <span class='ocrx_word' id='word_1_128' title='bbox 320 2367 397 2432; x_wconf 85' lang='lat' dir='ltr'>talia</span> <span class='ocrx_word' id='word_1_129' title='bbox 427 2369 534 2450; x_wconf 92' lang='lat' dir='ltr'>potius</span> <span class='ocrx_word' id='word_1_130' title='bbox 562 2369 764 2448; x_wconf 76' lang='lat' dir='ltr'>omittamuS,</span> <span class='ocrx_word' id='word_1_131' title='bbox 795 2391 835 2434; x_wconf 92' lang='lat' dir='ltr'>ne</span> <span class='ocrx_word' id='word_1_132' title='bbox 864 2372 951 2434; x_wconf 87' lang='lat' dir='ltr'>certa</span> <span class='ocrx_word' id='word_1_133' title='bbox 980 2368 1108 2433; x_wconf 85' lang='lat' dir='ltr'>incertis</span> <span class='ocrx_word' id='word_1_134' title='bbox 1136 2368 1325 2446; x_wconf 86' lang='lat' dir='ltr'>turbentur;</span> <span class='ocrx_word' id='word_1_135' title='bbox 1354 2372 1388 2432; x_wconf 88' lang='lat' dir='ltr'>at</span> 
     </span>
     <span class='ocr_line' id='line_1_23' title="bbox 219 2462 1387 2550; baseline -0.003 -17"><span class='ocrx_word' id='word_1_136' title='bbox 219 2472 307 2535; x_wconf 85' lang='lat' dir='ltr'>certo</span> <span class='ocrx_word' id='word_1_137' title='bbox 338 2470 520 2547; x_wconf 88' lang='lat' dir='ltr'>congruunt</span> <span class='ocrx_word' id='word_1_138' title='bbox 550 2488 623 2531; x_wconf 90' lang='lat' dir='ltr'>cum</span> <span class='ocrx_word' id='word_1_139' title='bbox 647 2469 762 2533; x_wconf 89' lang='lat' dir='ltr'>Plauto</span> <span class='ocrx_word' id='word_1_140' title='bbox 793 2468 923 2549; x_wconf 82' lang='lat' dir='ltr'>elegiaci</span> <span class='ocrx_word' id='word_1_141' title='bbox 947 2472 1079 2550; x_wconf 88' lang='lat' dir='ltr'>poetae,</span> <span class='ocrx_word' id='word_1_142' title='bbox 1111 2487 1184 2531; x_wconf 86' lang='lat' dir='ltr'>curn</span> <span class='ocrx_word' id='word_1_143' title='bbox 1202 2462 1272 2531; x_wconf 86' lang='lat' dir='ltr'>lieri</span> <span class='ocrx_word' id='word_1_144' title='bbox 1294 2486 1387 2550; x_wconf 88' lang='lat' dir='ltr'>posse</span> 
     </span>
     <span class='ocr_line' id='line_1_24' title="bbox 218 2567 1148 2650; baseline -0.003 -17"><span class='ocrx_word' id='word_1_145' title='bbox 218 2571 348 2650; x_wconf 84' lang='lat' dir='ltr'>negant,</span> <span class='ocrx_word' id='word_1_146' title='bbox 370 2569 405 2630; x_wconf 94' lang='lat' dir='ltr'>ut</span> <span class='ocrx_word' id='word_1_147' title='bbox 426 2567 555 2630; x_wconf 87' lang='lat' dir='ltr'>Amoris</span> <span class='ocrx_word' id='word_1_148' title='bbox 578 2567 642 2632; x_wconf 93' lang='lat' dir='ltr'>ullo</span> <span class='ocrx_word' id='word_1_149' title='bbox 660 2569 758 2633; x_wconf 89' lang='lat' dir='ltr'>modo</span> <span class='ocrx_word' id='word_1_150' title='bbox 780 2568 976 2632; x_wconf 87' lang='lat' dir='ltr'>celeritatem</span> <span class='ocrx_word' id='word_1_151' title='bbox 999 2567 1148 2648; x_wconf 86' lang='lat' dir='ltr'>effugias:</span> 
     </span>
     <span class='ocr_line' id='line_1_25' title="bbox 251 2671 540 2743; baseline -0.01 -16"><span class='ocrx_word' id='word_1_152' title='bbox 251 2675 332 2743; x_wconf 86' lang='lat' dir='ltr'>Prop.</span> <span class='ocrx_word' id='word_1_153' title='bbox 356 2672 380 2724; x_wconf 96' lang='lat' dir='ltr'>ll</span> <span class='ocrx_word' id='word_1_154' title='bbox 400 2671 464 2739; x_wconf 86' lang='lat' dir='ltr'>30‚l</span> <span class='ocrx_word' id='word_1_155' title='bbox 482 2689 540 2740; x_wconf 84' lang='lat' dir='ltr'>sqq.</span> 
     </span>
     <span class='ocr_line' id='line_1_26' title="bbox 366 2753 1206 2825; baseline -0.004 -15"><span class='ocrx_word' id='word_1_156' title='bbox 366 2773 420 2825; x_wconf 88' lang='lat' dir='ltr'>qno</span> <span class='ocrx_word' id='word_1_157' title='bbox 439 2755 512 2825; x_wconf 83' lang='lat' dir='ltr'>fugis</span> <span class='ocrx_word' id='word_1_158' title='bbox 530 2755 566 2810; x_wconf 85' lang='lat' dir='ltr'>ah</span> <span class='ocrx_word' id='word_1_159' title='bbox 584 2756 715 2810; x_wconf 76' lang='lat' dir='ltr'>demens?</span> <span class='ocrx_word' id='word_1_160' title='bbox 740 2756 816 2810; x_wconf 86' lang='lat' dir='ltr'>nulla</span> <span class='ocrx_word' id='word_1_161' title='bbox 834 2758 875 2811; x_wconf 85' lang='lat' dir='ltr'>est</span> <span class='ocrx_word' id='word_1_162' title='bbox 893 2756 973 2824; x_wconf 85' lang='lat' dir='ltr'>fuga:</span> <span class='ocrx_word' id='word_1_163' title='bbox 989 2757 1021 2808; x_wconf 84' lang='lat' dir='ltr'>tu</span> <span class='ocrx_word' id='word_1_164' title='bbox 1039 2753 1104 2808; x_wconf 85' lang='lat' dir='ltr'>licet</span> <span class='ocrx_word' id='word_1_165' title='bbox 1121 2770 1206 2822; x_wconf 88' lang='lat' dir='ltr'>usque</span> 
     </span>
     <span class='ocr_line' id='line_1_27' title="bbox 419 2842 1136 2912; baseline -0.006 -15"><span class='ocrx_word' id='word_1_166' title='bbox 419 2843 454 2897; x_wconf 86' lang='lat' dir='ltr'>ad</span> <span class='ocrx_word' id='word_1_167' title='bbox 473 2843 582 2897; x_wconf 81' lang='lat' dir='ltr'>Tanain</span> <span class='ocrx_word' id='word_1_168' title='bbox 601 2843 705 2912; x_wconf 82' lang='lat' dir='ltr'>fugias,</span> <span class='ocrx_word' id='word_1_169' title='bbox 730 2861 814 2911; x_wconf 91' lang='lat' dir='ltr'>usque</span> <span class='ocrx_word' id='word_1_170' title='bbox 832 2845 960 2911; x_wconf 79' lang='lat' dir='ltr'>sequetur</span> <span class='ocrx_word' id='word_1_171' title='bbox 978 2842 1064 2894; x_wconf 91' lang='lat' dir='ltr'>Amor</span> <span class='ocrx_word' id='word_1_172' title='bbox 1081 2857 1136 2908; x_wconf 85' lang='lat' dir='ltr'>eqs.</span> 
     </span>
     <span class='ocr_line' id='line_1_28' title="bbox 253 2935 645 3005; baseline -0.005 -12"><span class='ocrx_word' id='word_1_173' title='bbox 253 2937 332 2993; x_wconf 87' lang='lat' dir='ltr'>Ovid.</span> <span class='ocrx_word' id='word_1_174' title='bbox 351 2935 455 2990; x_wconf 90' lang='lat' dir='ltr'>heroid.</span> <span class='ocrx_word' id='word_1_175' title='bbox 473 2935 526 2988; x_wconf 91' lang='lat' dir='ltr'>XIl</span> <span class='ocrx_word' id='word_1_176' title='bbox 548 2938 645 3005; x_wconf 84' lang='lat' dir='ltr'>135aq.</span> 
     </span>
    </p>
   </div>
   <div class='ocr_carea' id='block_1_5' title="bbox 363 3020 1057 3178">
    <p class='ocr_par' dir='ltr' id='par_1_5' title="bbox 363 3020 1057 3178">
     <span class='ocr_line' id='line_1_29' title="bbox 363 3020 982 3078; baseline -0.003 -2"><span class='ocrx_word' id='word_1_177' title='bbox 363 3023 436 3078; x_wconf 84' lang='lat' dir='ltr'>iussa</span> <span class='ocrx_word' id='word_1_178' title='bbox 453 3022 535 3075; x_wconf 89' lang='lat' dir='ltr'>domo</span> <span class='ocrx_word' id='word_1_179' title='bbox 553 3020 620 3076; x_wconf 90' lang='lat' dir='ltr'>cessi</span> <span class='ocrx_word' id='word_1_180' title='bbox 638 3020 710 3075; x_wconf 84' lang='lat' dir='ltr'>natis</span> <span class='ocrx_word' id='word_1_181' title='bbox 728 3021 861 3076; x_wconf 81' lang='lat' dir='ltr'>comitata</span> <span class='ocrx_word' id='word_1_182' title='bbox 877 3020 982 3076; x_wconf 87' lang='lat' dir='ltr'>duobus</span> 
     </span>
     <span class='ocr_line' id='line_1_30' title="bbox 414 3106 1057 3178; baseline -0.006 -15"><span class='ocrx_word' id='word_1_183' title='bbox 414 3111 457 3178; x_wconf 75' lang='lat' dir='ltr'>et,</span> <span class='ocrx_word' id='word_1_184' title='bbox 483 3109 531 3177; x_wconf 87' lang='lat' dir='ltr'>qui</span> <span class='ocrx_word' id='word_1_185' title='bbox 549 3125 594 3162; x_wconf 90' lang='lat' dir='ltr'>me</span> <span class='ocrx_word' id='word_1_186' title='bbox 611 3107 733 3176; x_wconf 84' lang='lat' dir='ltr'>sequitur</span> <span class='ocrx_word' id='word_1_187' title='bbox 751 3125 872 3176; x_wconf 69' lang='lat' dir='ltr'>semper,</span> <span class='ocrx_word' id='word_1_188' title='bbox 897 3124 990 3162; x_wconf 83' lang='lat' dir='ltr'>amore</span> <span class='ocrx_word' id='word_1_189' title='bbox 1007 3106 1057 3161; x_wconf 85' lang='lat' dir='ltr'>tui.</span> 
     </span>
    </p>
   </div>
   <div class='ocr_carea' id='block_1_6' title="bbox 218 3199 1384 3285">
    <p class='ocr_par' dir='ltr' id='par_1_6' title="bbox 218 3199 1384 3285">
     <span class='ocr_line' id='line_1_31' title="bbox 218 3199 1384 3285; baseline -0.005 -18"><span class='ocrx_word' id='word_1_190' title='bbox 218 3205 422 3285; x_wconf 90' lang='lat' dir='ltr'>Propertium</span> <span class='ocrx_word' id='word_1_191' title='bbox 453 3209 562 3268; x_wconf 88' lang='lat' dir='ltr'>autem</span> <span class='ocrx_word' id='word_1_192' title='bbox 600 3208 631 3267; x_wconf 88' lang='lat' dir='ltr'>et</span> <span class='ocrx_word' id='word_1_193' title='bbox 663 3202 813 3267; x_wconf 89' lang='lat' dir='ltr'>Ovidium</span> <span class='ocrx_word' id='word_1_194' title='bbox 845 3203 1135 3267; x_wconf 86' lang='lat' dir='ltr'>Alexandrinorum</span> <span class='ocrx_word' id='word_1_195' title='bbox 1168 3199 1309 3281; x_wconf 86' lang='lat' dir='ltr'>vestigiis</span> <span class='ocrx_word' id='word_1_196' title='bbox 1337 3199 1384 3262; x_wconf 92' lang='lat' dir='ltr'>in-</span> 
     </span>
    </p>
   </div>
   <div class='ocr_carea' id='block_1_7' title="bbox 216 3304 1200 4182">
    <p class='ocr_par' dir='ltr' id='par_1_7' title="bbox 216 3304 1200 4182">
     <span class='ocr_line' id='line_1_32' title="bbox 216 3304 810 3385; baseline -0.002 -18"><span class='ocrx_word' id='word_1_197' title='bbox 216 3305 332 3368; x_wconf 88' lang='lat' dir='ltr'>stitisse</span> <span class='ocrx_word' id='word_1_198' title='bbox 354 3308 490 3385; x_wconf 86' lang='lat' dir='ltr'>apparet</span> <span class='ocrx_word' id='word_1_199' title='bbox 512 3323 551 3367; x_wconf 86' lang='lat' dir='ltr'>ex</span> <span class='ocrx_word' id='word_1_200' title='bbox 570 3304 619 3368; x_wconf 91' lang='lat' dir='ltr'>his</span> <span class='ocrx_word' id='word_1_201' title='bbox 641 3304 810 3385; x_wconf 86' lang='lat' dir='ltr'>exemplis:</span> 
     </span>
     <span class='ocr_line' id='line_1_33' title="bbox 251 3407 638 3478; baseline -0.003 -15"><span class='ocrx_word' id='word_1_202' title='bbox 251 3410 328 3465; x_wconf 85' lang='lat' dir='ltr'>Bion.</span> <span class='ocrx_word' id='word_1_203' title='bbox 348 3407 384 3461; x_wconf 84' lang='lat' dir='ltr'>id.</span> <span class='ocrx_word' id='word_1_204' title='bbox 405 3410 430 3463; x_wconf 89' lang='lat' dir='ltr'>X</span> <span class='ocrx_word' id='word_1_205' title='bbox 449 3408 552 3478; x_wconf 88' lang='lat' dir='ltr'><strong>(XVII)</strong></span> <span class='ocrx_word' id='word_1_206' title='bbox 574 3410 638 3478; x_wconf 82' lang='lat' dir='ltr'>6aq.</span> 
     </span>
     <span class='ocr_line' id='line_1_34' title="bbox 363 3478 1119 3562; baseline -0.008 -14"><span class='ocrx_word' id='word_1_207' title='bbox 363 3492 392 3554; x_wconf 83' lang='grc' dir='ltr'>ἐς</span> <span class='ocrx_word' id='word_1_208' title='bbox 410 3497 435 3546; x_wconf 91' lang='grc' dir='ltr'>τί</span> <span class='ocrx_word' id='word_1_209' title='bbox 454 3493 485 3547; x_wconf 74' lang='grc' dir='ltr'>δέ</span> <span class='ocrx_word' id='word_1_210' title='bbox 502 3514 547 3546; x_wconf 90' lang='grc' dir='ltr'>νιν</span> <span class='ocrx_word' id='word_1_211' title='bbox 564 3489 671 3547; x_wconf 82' lang='grc' dir='ltr'><em>πτανὸν</em></span> <span class='ocrx_word' id='word_1_212' title='bbox 690 3495 737 3546; x_wconf 85' lang='grc' dir='ltr'><strong><em>καί</em></strong></span> <span class='ocrx_word' id='word_1_213' title='bbox 757 3491 890 3562; x_wconf 79' lang='grc' dir='ltr'><em>ἑκαβὸλον</em></span> <span class='ocrx_word' id='word_1_214' title='bbox 910 3489 1021 3552; x_wconf 71' lang='grc' dir='ltr'><em>ὤπασας</em></span> <span class='ocrx_word' id='word_1_215' title='bbox 1040 3478 1119 3561; x_wconf 75' lang='grc' dir='ltr'><em>ἦμεν,</em></span> 
     </span>
     <span class='ocr_line' id='line_1_35' title="bbox 363 3575 1080 3653; baseline -0.004 -21"><span class='ocrx_word' id='word_1_216' title='bbox 363 3575 399 3640; x_wconf 78' lang='grc' dir='ltr'>ὦς</span> <span class='ocrx_word' id='word_1_217' title='bbox 415 3577 454 3652; x_wconf 78' lang='grc' dir='ltr'>μὴ</span> <span class='ocrx_word' id='word_1_218' title='bbox 473 3576 574 3653; x_wconf 84' lang='grc' dir='ltr'><em>πικρὸν</em></span> <span class='ocrx_word' id='word_1_219' title='bbox 593 3578 673 3633; x_wconf 82' lang='grc' dir='ltr'><em>ἐόντα</em></span> <span class='ocrx_word' id='word_1_220' title='bbox 693 3580 846 3651; x_wconf 69' lang='grc' dir='ltr'><em>δυναίμεθα</em></span> <span class='ocrx_word' id='word_1_221' title='bbox 865 3578 951 3650; x_wconf 76' lang='grc' dir='ltr'><em>τῆνον</em></span> <span class='ocrx_word' id='word_1_222' title='bbox 971 3576 1063 3636; x_wconf 79' lang='grc' dir='ltr'><em>ἀλύξαι</em></span> <span class='ocrx_word' id='word_1_223' title='bbox 1069 3597 1080 3644; x_wconf 88' lang='lat'><em>;</em></span> 
     </span>
     <span class='ocr_line' id='line_1_36' title="bbox 251 3673 768 3743; baseline -0.002 -14"><span class='ocrx_word' id='word_1_224' title='bbox 251 3675 368 3730; x_wconf 81' lang='lat' dir='ltr'>Archiae</span> <span class='ocrx_word' id='word_1_225' title='bbox 388 3674 474 3743; x_wconf 84' lang='lat' dir='ltr'>epigr.</span> <span class='ocrx_word' id='word_1_226' title='bbox 492 3673 599 3728; x_wconf 83' lang='lat' dir='ltr'>anthol.</span> <span class='ocrx_word' id='word_1_227' title='bbox 618 3676 674 3728; x_wconf 88' lang='lat' dir='ltr'>Pal.</span> <span class='ocrx_word' id='word_1_228' title='bbox 692 3675 717 3728; x_wconf 85' lang='lat' dir='ltr'>V</span> <span class='ocrx_word' id='word_1_229' title='bbox 736 3676 768 3728; x_wconf 79' lang='lat'>59</span> 
     </span>
     <span class='ocr_line' id='line_1_37' title="bbox 362 3750 1200 3833; baseline -0.007 -20"><span class='ocrx_word' id='word_1_230' title='bbox 362 3763 482 3829; x_wconf 76' lang='grc' dir='ltr'><em>φεύγειν</em></span> <span class='ocrx_word' id='word_1_231' title='bbox 499 3760 546 3813; x_wconf 72' lang='grc' dir='ltr'>δεῖ</span> <span class='ocrx_word' id='word_1_232' title='bbox 562 3756 611 3812; x_wconf 88' lang='grc' dir='ltr'>τὸν</span> <span class='ocrx_word' id='word_1_233' title='bbox 624 3758 745 3833; x_wconf 85' lang='grc' dir='ltr'><em>Ἔρωτα;</em></span> <span class='ocrx_word' id='word_1_234' title='bbox 766 3754 847 3818; x_wconf 82' lang='grc' dir='ltr'><em>κενὸς</em></span> <span class='ocrx_word' id='word_1_235' title='bbox 865 3761 957 3817; x_wconf 84' lang='grc' dir='ltr'><em>πόνος.</em></span> <span class='ocrx_word' id='word_1_236' title='bbox 986 3752 1020 3810; x_wconf 76' lang='grc' dir='ltr'>οὔ</span> <span class='ocrx_word' id='word_1_237' title='bbox 1038 3750 1093 3829; x_wconf 76' lang='grc' dir='ltr'>γὰρ</span> <span class='ocrx_word' id='word_1_238' title='bbox 1112 3752 1200 3813; x_wconf 75' lang='grc' dir='ltr'><em>ἀλύξω</em></span> 
     </span>
     <span class='ocr_line' id='line_1_38' title="bbox 418 3840 1000 3916; baseline -0.003 -18"><span class='ocrx_word' id='word_1_239' title='bbox 418 3841 499 3908; x_wconf 80' lang='grc' dir='ltr'><em>πεζὸς</em></span> <span class='ocrx_word' id='word_1_240' title='bbox 517 3840 570 3898; x_wconf 70' lang='grc' dir='ltr'>ὑπὸ</span> <span class='ocrx_word' id='word_1_241' title='bbox 587 3845 694 3916; x_wconf 80' lang='grc' dir='ltr'><em>πτηνοῦ</em></span> <span class='ocrx_word' id='word_1_242' title='bbox 711 3842 803 3898; x_wconf 83' lang='grc' dir='ltr'><em>πυκνὰ</em></span> <span class='ocrx_word' id='word_1_243' title='bbox 823 3845 1000 3915; x_wconf 74' lang='grc' dir='ltr'><em>διωκόμενος,</em></span> 
     </span>
     <span class='ocr_line' id='line_1_39' title="bbox 252 3939 802 4009; baseline -0.004 -16"><span class='ocrx_word' id='word_1_244' title='bbox 252 3939 384 4009; x_wconf 83' lang='lat' dir='ltr'>Meleagri</span> <span class='ocrx_word' id='word_1_245' title='bbox 401 3939 488 4008; x_wconf 83' lang='lat' dir='ltr'>epigr.</span> <span class='ocrx_word' id='word_1_246' title='bbox 508 3939 613 3993; x_wconf 85' lang='lat' dir='ltr'>anthol.</span> <span class='ocrx_word' id='word_1_247' title='bbox 631 3939 688 3993; x_wconf 89' lang='lat' dir='ltr'>Pal.</span> <span class='ocrx_word' id='word_1_248' title='bbox 710 3942 733 3991; x_wconf 86' lang='lat' dir='ltr'>V</span> <span class='ocrx_word' id='word_1_249' title='bbox 753 3939 802 3992; x_wconf 87' lang='lat'>139</span> 
     </span>
     <span class='ocr_line' id='line_1_40' title="bbox 361 4020 1113 4096; baseline -0.001 -18"><span class='ocrx_word' id='word_1_250' title='bbox 361 4032 413 4078; x_wconf 88' lang='grc' dir='ltr'>ποῖ</span> <span class='ocrx_word' id='word_1_251' title='bbox 428 4045 459 4079; x_wconf 85' lang='grc' dir='ltr'>σε</span> <span class='ocrx_word' id='word_1_252' title='bbox 478 4029 571 4096; x_wconf 73' lang='grc' dir='ltr'><em>φύγως</em></span> <span class='ocrx_word' id='word_1_253' title='bbox 591 4027 680 4095; x_wconf 66' lang='grc' dir='ltr'><em>πάντα</em></span> <span class='ocrx_word' id='word_1_254' title='bbox 699 4045 736 4096; x_wconf 80' lang='grc' dir='ltr'>με</span> <span class='ocrx_word' id='word_1_255' title='bbox 755 4026 979 4095; x_wconf 81' lang='grc' dir='ltr'><em>περιστείχοοσιν</em></span> <span class='ocrx_word' id='word_1_256' title='bbox 992 4020 1113 4096; x_wconf 79' lang='grc' dir='ltr'><em>’Ἑρωτος</em></span> 
     </span>
     <span class='ocr_line' id='line_1_41' title="bbox 415 4106 1052 4182; baseline -0.005 -16"><span class='ocrx_word' id='word_1_257' title='bbox 415 4108 481 4166; x_wconf 72' lang='grc' dir='ltr'>οὔδ’</span> <span class='ocrx_word' id='word_1_258' title='bbox 498 4107 563 4164; x_wconf 77' lang='grc' dir='ltr'><em>ὅσον</em></span> <span class='ocrx_word' id='word_1_259' title='bbox 584 4108 743 4182; x_wconf 69' lang='grc' dir='ltr'><em>ἀμπνεῦσαι</em></span> <span class='ocrx_word' id='word_1_260' title='bbox 762 4106 843 4179; x_wconf 81' lang='grc' dir='ltr'><em>βαιὸν</em></span> <span class='ocrx_word' id='word_1_261' title='bbox 862 4108 926 4162; x_wconf 81' lang='grc' dir='ltr'><em>ἐῶσι</em></span> <span class='ocrx_word' id='word_1_262' title='bbox 941 4107 1052 4181; x_wconf 83' lang='grc' dir='ltr'><em>χρόνον.</em></span> 
     </span>
    </p>
   </div>
   <div class='ocr_carea' id='block_1_8' title="bbox 0 0 1479 4734">
    <p class='ocr_par' dir='ltr' id='par_1_8' title="bbox 0 0 1479 4734">
     <span class='ocr_line' id='line_1_42' title="bbox 0 0 1479 4734; baseline 0 0"><span class='ocrx_word' id='word_1_263' title='bbox 0 0 1479 4734; x_wconf 95' lang='lat' dir='ltr'> </span> 
     </span>
    </p>
   </div>
  </div>
 </body>
</html>
