2946 4734
715 239 735 303 2

147 413 297 480 moribus
319 435 381 480 neo
405 435 520 479 eorum
541 415 687 494 tantum,
712 413 770 500 qui
791 413 953 480 vixerant
966 415 1028 479 aut
1043 413 1217 495 vivebant,
1241 414 1302 480 sed

149 542 263 586 eorum
286 519 399 600 etiam,
423 519 482 605 qui
504 518 594 606 apud
616 520 735 605 poetas
760 521 796 584 et
817 518 999 605 praecipue
1023 518 1156 605 quidem
1169 516 1321 585 drama'

147 624 234 692 ticos
263 625 533 691 inveniebantur.
578 623 752 705 Quomodo
782 623 876 690 vitae
907 627 943 690 et
965 622 1162 691 litterarum
1185 623 1301 691 studia

149 733 253 817 atque
269 730 421 796 rationes
438 729 634 796 coniunctae
652 731 780 794 suntet
795 731 914 815 postea
929 728 1073 795 invicem
1086 728 1301 796 fecundiores

149 856 186 900 se
208 833 444 900 reddiderunt.

238 941 305 1009 Sed
327 964 395 1007 non
418 942 524 1008 solum
547 941 590 1008 ad
613 941 854 1028 antiquitatem
886 941 1005 1008 molins
1035 940 1302 1028 intellegendam

148 1047 233 1114 haec
253 1046 330 1130 περὶ
353 1049 449 1131 ἠθῶν
472 1046 650 1134 disciplina
681 1046 833 1128 adiuvat,
866 1046 926 1113 sed
957 1047 1099 1113 adiuvat
1129 1045 1300 1113 etiamad

149 1153 346 1219 universnm
369 1151 409 1217 de
433 1152 543 1238 poetis
566 1151 726 1217 iudicium
740 1152 866 1218 rectius
886 1151 1140 1217 instituendum.
1187 1149 1302 1238 Opera

150 1258 237 1325 enim
268 1246 379 1323 danda
409 1260 471 1339 est,
503 1259 543 1322 ut
571 1256 777 1322 instituatur
807 1257 906 1343 quasi
937 1278 993 1322 ars
1017 1257 1058 1323 de
1081 1256 1193 1342 poetis
1215 1254 1300 1321 iudi·

150 1362 257 1443 candi,
280 1384 348 1449 qua
369 1361 533 1428 instituta
556 1361 683 1428 rectius
707 1364 811 1448 atque
832 1361 956 1427 iustius
982 1360 1028 1427 sit
1050 1360 1092 1426 de
1116 1361 1227 1448 poetis
1251 1359 1301 1426 iu·

151 1468 272 1534 dicium
309 1488 394 1533 neve
432 1467 476 1532 ad
511 1464 685 1533 libidinem
721 1466 871 1532 homines
910 1465 979 1532 alia
1017 1465 1193 1548 damnent,
1232 1465 1301 1532 alia

149 1572 306 1638 laudibus
352 1571 389 1637 in
426 1571 555 1638 caelum
593 1572 749 1651 efferant,
787 1571 886 1637 immo
926 1567 1137 1657 argumentis
1175 1569 1301 1636 iudicia

136 1680 307 1765 probent.
363 1676 465 1743 Cuius
503 1677 590 1742 artis
627 1698 706 1763 pars
741 1679 778 1742 et
815 1675 937 1743 ceteris
972 1675 1104 1762 quidem
1144 1675 1300 1767 partibus

147 1775 299 1849 fortasse
321 1782 463 1868 gravior
487 1785 540 1847 est
562 1781 637 1864 περὶ
661 1783 766 1865 ἠθῶν,
792 1803 890 1868 quarn
911 1781 1052 1868 perinde
1067 1784 1171 1868 atque
1187 1782 1301 1847 cetera

150 1888 277 1975 primus
301 1887 391 1953 inste
413 1887 580 1953 tractavit
603 1886 809 1952 Aristoteles
833 1887 869 1951 in
892 1886 979 1952 libro
1003 1886 1044 1951 de
1067 1889 1145 1953 arte
1167 1885 1302 1973 poetica

151 1992 351 2078 conscripto.
407 1991 644 2071 Quaerendum
676 1991 785 2078 igitur
820 1998 881 2072 est,
918 1991 1081 2077 quomodo
1116 1991 1202 2056 hanc
1233 1989 1301 2055 dis-

151 2098 309 2186 ciplinam
338 2097 411 2184 ipsc
433 2098 627 2164 instituerit
649 2098 869 2179 Aristoteles,
903 2097 1066 2184 quomodo
1096 2100 1218 2184 postea
1246 2118 1301 2162 ex-

152 2202 246 2268 culta
268 2203 315 2268 sit
338 2203 427 2289 apud
442 2201 692 2288 Peripateticos
709 2205 812 2288 atque
827 2203 1065 2289 grammaticos
1081 2200 1300 2290 posteriores,

151 2308 328 2395 praecipue
362 2330 443 2373 sane
475 2307 736 2384 Alexandrinos
771 2307 933 2394 quomodo
966 2306 1065 2374 hodie
1097 2306 1221 2373 debeat
1249 2305 1299 2370 in-

152 2416 260 2482 stitui.
318 2414 456 2481 Scilicet
490 2437 557 2480 non
592 2415 660 2501 ipsi
699 2417 816 2480 statim
853 2416 957 2481 animi
993 2414 1138 2502 quodam
1175 2414 1300 2480 ardore

152 2520 308 2586 commoti
337 2519 379 2585 de
410 2522 589 2607 poetarum
619 2519 796 2605 ethopoeia
819 2541 966 2604 agemus
999 2518 1059 2585 sed
1080 2519 1176 2607 prius
1198 2541 1299 2606 quae-

152 2647 276 2707 ramus,
301 2624 460 2712 quidnam
484 2623 606 2690 Gracci
628 2624 821 2690 decessores
845 2625 886 2690 de
910 2647 951 2691 ea
973 2625 1133 2691 dixerint.
1325 2711 1327 2717 Ι

237 2730 334 2797 Unus
357 2729 465 2816 igitur
487 2732 643 2795 servatus
660 2732 714 2795 est
730 2729 1004 2796 Aristotelis
1028 2728 1104 2812 περὶ
1127 2739 1301 2814 ποιητικῆς

151 2835 296 2917 libellus,
330 2835 424 2901 ouius
457 2834 569 2921 capite
601 2835 670 2899 XV
702 2833 777 2915 περὶ
811 2836 908 2918 ἠθῶν
943 2836 1016 2922 egit
1050 2835 1206 2922 scriptor,
1241 2833 1301 2900 sed

151 2939 348 3006 brevissime
381 2939 560 3005 secundum
593 2939 700 3005 totius
731 2939 813 3004 libri
846 2939 1014 3006 rationem
1028 2940 1058 3025 ¹).
1105 2939 1190 3005 Post
1219 2938 1300 3004 Ari·

153 3045 310 3112 stotelem
351 3067 490 3131 cumque
528 3045 737 3131 potissimum
775 3046 882 3111 secuti
920 3045 981 3112 sed
1018 3068 1098 3112 sane
1135 3043 1301 3132 ampliora

152 3151 368 3238 proferentes
385 3150 608 3237 Peripatetici
630 3150 730 3216 multi
752 3149 793 3216 de
817 3155 891 3215 arte
914 3150 1048 3238 poetica
1071 3151 1127 3216 vel
1150 3151 1191 3216 de
1211 3149 1300 3216 simi-
1326 3208 1330 3215 .

152 3255 240 3321 libus
276 3257 376 3321 rebus
408 3254 626 3341 scripserunt,
657 3255 777 3341 quibus
800 3255 954 3322 inlibris
979 3255 1082 3321 etiam
1105 3253 1181 3337 περὶ
1205 3255 1301 3337 ἠθῶν

153 3383 209 3426 eos
233 3360 342 3447 egisse
364 3368 624 3426 consentancum
647 3363 709 3442 est,
734 3382 762 3426 e.
779 3382 811 3446 g.
829 3359 1084 3446 Theophrastus
1108 3358 1184 3442 περὶ
1206 3382 1300 3442 ποιη-

152 3476 252 3550 τικής,
283 3467 512 3533 Aristoxenus
536 3466 612 3547 περὶ
635 3469 904 3553 τραγῳδοποιῶν,
936 3467 1083 3533 Phanias
1107 3464 1183 3549 περὶ
1206 3487 1301 3548 ποιη-

152 3583 219 3636 τῶν
241 3575 305 3637 etc.
351 3571 502 3653 Quorum
535 3571 699 3637 librorum
730 3595 804 3638 cum
837 3572 922 3637 nihil
955 3572 1027 3638 fere
1058 3573 1233 3638 servatum
1255 3571 1302 3637 sit

152 3697 213 3741 neo
243 3677 489 3763 posterioribus
521 3678 729 3763 temporibus
761 3677 802 3743 de
834 3681 913 3743 arte
944 3676 1078 3764 poetica
1108 3676 1190 3743 libri
1217 3676 1302 3742 iusti

153 3781 336 3868 conscripti
368 3783 438 3848 sint
449 3782 482 3867 2),
515 3781 668 3869 profecto
691 3783 892 3850 Aristotelis
924 3783 1012 3848 liber
1044 3782 1139 3849 nobis
1168 3780 1301 3868 quidem

246 3958 271 4025 l)
292 3958 374 4012 Cuius
393 3965 485 4012 tamen
504 3961 587 4027 pretii
611 3961 666 4013 sint
686 3960 843 4014 Aristotelis
863 3961 947 4015 verba
972 3960 1140 4028 paucissima
1158 3958 1186 4011 in
1212 3958 1303 4012 altera

154 4047 246 4115 operis
265 4052 346 4115 parte
366 4048 555 4117 exponendum
575 4050 636 4103 erit.

225 4140 253 4201 2)
273 4137 315 4190 De
340 4138 548 4191 novissimorum
568 4139 727 4207 plerumque
745 4140 919 4206 antiquitatis
945 4146 1099 4207 temporum
1126 4137 1301 4205 tractatibus,

153 4241 221 4292 quos
241 4243 325 4294 supra
346 4229 561 4296 commemoravi,
581 4245 605 4281 e.
619 4246 643 4296 g.
663 4228 728 4295 περὶ
747 4230 901 4299 κωμῳδίας,
924 4229 1048 4283 Euanthi
1067 4227 1100 4282 de
1124 4227 1220 4282 fabule
1239 4233 1300 4293 etc,

153 4315 202 4382 qui
220 4316 329 4369 minime
347 4316 456 4384 neglegi
474 4317 582 4385 debent,
603 4334 652 4372 suo
671 4319 731 4371 loco
751 4316 910 4372 disseretur.
