2946 4734
632 342 841 407 ..31-

347 523 405 592 ipse
423 522 489 577 deus
507 525 602 576 vatum
623 522 697 592 palla
715 519 872 592 spectabilis
890 537 974 576 aurea

413 611 517 663 tractat
534 608 677 663 inauratae
694 625 813 663 consona
830 607 877 661 fila
894 607 976 675 lyrae.

342 694 390 763 qui
409 694 494 752 dabit.
513 695 558 749 ille
575 694 628 749 tibi
645 711 747 764 magno
765 693 801 748 sit
820 693 909 747 maior
927 693 1063 748 Homero:

415 780 493 836 crede
512 780 589 844 mihi,
608 799 649 835 rea
668 784 709 835 cat
727 780 871 850 ingeniosa
887 780 959 834 dare.

147 872 218 938 Non
244 876 416 958 discrepat,
440 876 526 956 quod
548 875 704 957 Propertii
727 875 799 939 lena
823 878 931 939 monet
953 875 995 938 lV
1017 877 1047 952 5,
1066 876 1108 939 54
1125 895 1196 957 sqq.

419 973 540 1028 versibus
558 973 667 1035 auditis,
686 974 751 1041 quid
771 974 824 1026 nisi
843 973 926 1028 verba
944 971 1037 1028 feres?

347 1056 425 1127 ‘quid
443 1059 521 1113 iuvat
539 1063 636 1113 ornato
654 1059 806 1129 procedere,
826 1059 892 1123 vita,
912 1058 1010 1130 capillo

418 1148 447 1199 et
463 1148 558 1200 tenues
573 1147 628 1201 (loa
648 1150 721 1200 veste
739 1163 848 1201 movere
866 1141 968 1199 sinus'?

347 1232 505 1300 quiveram
526 1231 597 1287 Coae
614 1232 722 1287 dederit
742 1249 791 1286 nec
808 1246 921 1286 munera
941 1231 1022 1287 vastis

417 1318 496 1372 iatius
514 1319 567 1372 tibi
584 1318 620 1373 ait
637 1319 720 1373 surda
737 1319 795 1372 aine
814 1321 875 1373 arte
892 1319 961 1388 lyra.

151 1421 272 1485 Similia
297 1428 405 1486 autem
429 1424 610 1487 exstantia
634 1422 828 1487 Aristaeneti
859 1423 995 1505 epistula
1018 1423 1032 1485 l
1057 1424 1094 1487 14
1125 1418 1201 1485 οὔτε
1223 1420 1324 1494 aalide

151 1519 287 1598 ἑταίραν
309 1512 378 1585 οἶδε
402 1530 614 1603 προτρέπειν,
644 1519 719 1584 οὔτε
747 1519 830 1605 λύρᾳ
852 1542 898 1594 τις
927 1522 1097 1604 ἐφέλκεται
1119 1520 1245 1602 πόρνας
1266 1522 1322 1602 α’ρ-

151 1626 261 1699 γυριύυ
277 1627 378 1702 χωρίς.
403 1622 507 1700 κέρδει
522 1619 568 1702 μό
571 1644 627 1682 νυν
641 1622 848 1701 δουλεύομεν,
872 1621 910 1686 ου’
926 1620 1129 1703 θελγόμεθα
1138 1622 1321 1702 pilectae.

151 1725 186 1780 τί
201 1711 257 1783 οὖν·
279 1722 402 1803 μάτην,
434 1711 460 1782 ai
483 1729 564 1799 νέοι,
593 1721 834 1803 διαρρήγνυσθε
856 1722 916 1795 τοὶς
944 1723 1090 1802 γνάθους
1111 1723 1323 1804 ἐμφυσῶντες

150 1824 189 1904 τῇ
220 1819 378 1902 σιῖῥριγγις
402 1812 444 1883 τί
470 1820 649 1901 πράγματα
672 1829 832 1901 παρέχετε
863 1825 936 1895 ταῖς
963 1823 1115 1901 wedam,-
1146 1826 1182 1883 τί
1208 1820 1321 1883 δὲκαὶ

150 1917 286 2002 ᾄδοντες
315 1923 423 2002 ἔφηνε
462 1921 532 1983 ιου’κ
560 1922 751 2000 ἐπιθυμεῖς,
783 1911 811 1983 ω’
840 1924 1006 2002 παρθένε,
1039 1927 1197 2000 γενέσθαι
1224 1921 1322 2003 γυνη,-

150 2034 243 2098 μέχρι
266 2025 351 2093 τίνος
373 2025 540 2100 παρθένος
564 2020 618 2083 καὶ
641 2017 736 2102 κόρη,
767 2023 809 2083 τά
832 2024 898 2083 τῶν
919 2018 1069 2103 α’νυητων
1091 2018 1266 2101 ὀνόματα’,·
1300 2009 1323 2105 ἧ

152 2125 261 2182 ταῦτα
283 2125 344 2199 μέν
366 2120 436 2184 ἴστε
460 2144 525 2182 που
548 2121 689 2197 πάντως,
712 2120 753 2194 οἷς
775 2121 957 2202 οἷνάργυρου
979 2121 1077 2185 οὐδὲν
1092 2125 1163 2194 ταῖς
1180 2120 1322 2201 ἑταίραις

156 2221 228 2282 ἐστὶ
253 2218 408 2282 πιθανόν.
459 2222 571 2302 ltaque
598 2221 731 2285 fortasse
752 2221 908 2303 Propertii
938 2226 970 2286 et
991 2222 1094 2286 Ovidii
1125 2222 1322 2286 carminibus

159 2321 242 2384 idem
274 2322 437 2402 exemplar
465 2320 718 2384 Alexandrinum
748 2322 867 2386 subest.
920 2322 1020 2387 Simul
1042 2322 1104 2386 hoc
1128 2322 1319 2386 Aristaeneti

158 2421 227 2483 loco
250 2425 440 2502 comparato
460 2420 541 2483 effici
566 2421 662 2483 credo
685 2441 795 2484 versus
815 2422 903 2503 apud
919 2422 1121 2503 Propertium
1145 2422 1235 2499 duoS,
1265 2423 1319 2504 qui

153 2524 227 2581 sunt
256 2518 342 2600 ‘quid
373 2519 469 2583 iuvat’
499 2540 563 2601 eqs.
595 2541 633 2583 ex
664 2521 850 2584 monobiblo
887 2522 1038 2603 repetitos
1066 2541 1130 2585 non
1161 2521 1321 2585 eiciendos

154 2638 239 2693 esse,
274 2618 305 2680 id
335 2619 423 2699 quod
453 2620 628 2683 editoribus
656 2620 777 2700 placuit
797 2621 958 2701 plurimis,
990 2620 1047 2684 sed
1076 2640 1096 2684 a
1125 2624 1222 2701 poeta
1251 2621 1321 2702 ipso

154 2717 265 2780 eadem
289 2718 413 2780 ratione
435 2719 585 2794 insertos
608 2738 673 2800 qua
698 2720 787 2799 apud
798 2720 1036 2784 Aristaenetum
1064 2719 1141 2783 illud
1162 2718 1230 2782 ‘oda
1253 2721 1321 2780 ἐπι-

154 2820 280 2894 θυμεῖς,
303 2817 327 2876 ui
350 2817 509 2896 παρθένέ
530 2818 597 2881 κτλ.

233 2933 473 2997 Praetereundo
488 2954 638 2998 moneam
647 2934 752 2999 Ovidii
766 2955 897 3000 carmen
912 2937 933 2999 8
950 2936 1048 3000 etiam
1065 2956 1137 3000 cum
1148 2936 1320 2999 Herondae

152 3032 339 3095 mimiambo
370 3034 609 3097 similitudinem
643 3035 808 3115 quandam
838 3036 1013 3117 praebere,
1047 3036 1089 3099 ibi
1123 3037 1207 3100 enim
1245 3036 1321 3099 dicit

152 3131 420 3214 lmufflffl.

346 3226 361 3282 ὁ
380 3234 546 3302 Ματακίνης
564 3230 613 3302 τῆς
632 3233 790 3284 Παταικὶου
814 3233 926 3297 Ψύλλυς,

347 3312 361 3368 ὅ
380 3317 465 3371 πέντε
483 3319 584 3370 νικὲων
603 3305 678 3369 ἆθλα
761 3334 816 3386 eqa.

346 3404 486 3456 πλουτέονν
505 3399 534 3455 τὸ
554 3402 647 3470 καλόν,
667 3399 730 3456 οὐδὲ
748 3407 854 3475 κάρφος
872 3403 904 3457 ἐκ
920 3404 968 3475 τῆς
986 3404 1038 3475 γῆς

347 3489 456 3555 κινέων,
476 3487 595 3548 ἄθικτος
613 3486 642 3548 ἐς
664 3491 816 3561 Κυθηρίου
834 3494 961 3563 σφρηγὶς,

346 3576 411 3629 ἰδών
429 3596 459 3628 σε
479 3575 584 3647 κατόδῳ
603 3575 650 3644 τῆς
671 3577 763 3645 Μέσης
781 3574 903 3648 ε’κύμηνε

349 3659 382 3713 τὰ
400 3657 534 3732 σπλάγχν’
553 3661 634 3730 ἔρωτι
655 3663 772 3732 καρδίην
794 3658 998 3734 ιῖνοιστρηθείς.

152 3768 248 3830 Haud
261 3768 353 3831 aliter
365 3768 396 3831 in
408 3766 513 3830 Ovidii
526 3767 668 3829 carmine
682 3768 753 3830 lena
766 3769 943 3831 orationem
957 3789 1048 3832 suam
1062 3770 1170 3848 incipit
1184 3789 1211 3830 v.
1222 3770 1260 3831 23
1270 3789 1316 3848 sq.

341 3865 392 3919 acia
406 3865 465 3919 heri
484 3869 520 3923 te,
541 3882 600 3916 mea
619 3865 673 3922 lux.
693 3864 786 3919 iuveni
806 3866 938 3934 placuisse
957 3867 1063 3921 beato?

410 3950 498 4004 haesit
516 3953 545 4003 et
562 3949 591 4002 iu
613 3951 689 4003 vultu
707 3951 833 4004 constitit
852 3970 936 4019 usqae
956 3957 1012 4005 tuo.

232 4056 333 4118 Porro
358 4059 479 4118 veteres
501 4054 682 4117 meretrices
704 4056 844 4118 iuniores
866 4057 1090 4131 adhortantur,
1115 4061 1149 4117 ut
1175 4055 1317 4134 turpissi-

152 4173 239 4217 mum
261 4160 292 4217 el
315 4156 532 4223 foedissimum
556 4171 718 4237 quemque
733 4163 911 4219 amatorem
935 4157 1118 4231 admittant,
1142 4154 1318 4216 dummodo

1116 4261 1133 4313 6
