2946 4734
699 234 742 301 86

147 409 362 497 conspicitur,
387 430 506 476 eruere
528 407 638 476 adhuc
651 407 832 496 potuimus.
878 407 921 474 Iu
936 405 1050 476 altera
1065 406 1178 495 operis
1193 411 1296 496 ports

147 514 368 598 Aristoteles,
383 513 560 596 Horatius,
584 513 730 581 aliorum
746 513 952 601 scriptorum
965 511 1041 597 loci,
1065 512 1295 582 recentiorum

147 628 338 707 temporum
359 622 533 687 tractatus
556 618 593 685 in
614 619 847 707 quaestionem
868 617 1014 687 vocandi
1042 621 1141 701 sunt,
1173 617 1296 686 deinde

147 724 190 792 de
211 727 289 792 tota
312 723 489 813 disciplina
512 724 622 812 ample
645 726 681 792 et
703 722 888 810 diligenter
904 722 972 790 erit
986 721 1232 807 disserendum,
1254 725 1296 789 ut

147 829 206 917 qui
228 833 383 897 auctores
406 828 538 896 fuerint
560 833 596 896 et
619 827 783 916 quomodo
806 827 943 896 exculta
966 827 1013 895 sit
1042 827 1155 916 quood
1178 832 1296 916 potest

147 940 382 1021 cognoscatur.

470 1578 739 1667 Conspectus
763 1579 970 1665 Capitum.

148 1739 261 1828 Caput
282 1740 311 1806 Ι.
356 1738 560 1808 Notationes
575 1762 798 1827 personarum
820 1740 857 1806 in
880 1739 1017 1807 scholiis
1032 1738 1230 1828 propositae

236 1845 438 1912 exhibentur
490 1895 1148 1912 .............
1195 1868 1229 1933 p.
1272 1845 1294 1912 8

86 1927 90 1935 ‹
149 1968 261 2058 Caput
283 1968 333 2035 ΙΙ.
377 1969 430 2036 De
453 1967 699 2056 ethographiac
722 1967 900 2056 disciplina
924 2016 1150 2035 .....
1195 1990 1228 2056 p.
1251 1968 1294 2034 28

253 2093 281 2158 Ι.
327 2094 380 2159 De
402 2096 523 2179 poetae
547 2092 604 2158 via
626 2100 728 2179 atque
751 2091 885 2159 ratione
908 2090 1106 2179 ethopoeiae
1128 2091 1229 2159 insti-

326 2197 472 2264 tuendae
490 2247 1150 2265 .............
1196 2219 1228 2285 p.
1251 2197 1293 2263 29

252 2302 300 2368 Π.
346 2302 399 2368 De
422 2303 614 2369 oeconomia
651 2351 1149 2369 ..........
1194 2325 1228 2389 p.
1251 2302 1294 2368 40

252 2406 320 2471 ΠΙ.
365 2407 417 2472 De
440 2428 661 2493 personarum
683 2407 834 2474 veritate
872 2455 1153 2472 ......
1198 2428 1232 2494 p.
1253 2406 1296 2473 55

251 2510 314 2578 IV.
358 2512 410 2578 De
433 2535 564 2578 morum
585 2511 780 2579 constantia
819 2560 1152 2579 .......
1198 2534 1230 2599 p.
1254 2512 1296 2578 58

254 2617 295 2684 V.
341 2617 394 2684 De
416 2639 546 2682 morum
569 2617 759 2684 mutatione
816 2665 1151 2684 .......
1197 2640 1229 2705 p.
1252 2616 1296 2683 64

253 2723 314 2790 VI.
360 2723 412 2788 Dc
427 2746 557 2789 morum
572 2724 753 2809 generibus
771 2745 810 2789 ac
826 2722 1008 2811 speciebus,
1032 2721 1074 2790 de
1097 2722 1230 2805 decoro,

188 2919 190 2923 Ι
327 2827 368 2894 de
392 2829 583 2894 t'abulacum
607 2828 761 2895 utilitate
818 2879 1152 2895 .......
1197 2852 1229 2916 p.
1253 2828 1296 2894 68
