2946 4734
666 215 705 278 15

96 391 367 456 interiectionibus
388 390 512 454 αἴλινον
533 395 564 456 et
585 390 695 455 arina
707 391 740 474 ¹),
769 413 853 476 quae
881 394 1013 460 fortasse
1043 397 1111 479 ipso
1132 400 1268 466 termino

96 493 181 564 λίνος
201 497 277 556 sunt
299 492 503 574 antiquiores
530 496 561 556 et
584 513 623 556 ex
651 493 686 555 iis
716 493 824 558 fabula
852 495 892 558 de
913 495 993 559 Lino
1014 502 1088 561 vale
1119 505 1188 565 orta
1210 505 1266 566 est.

97 593 198 657 Porro
221 591 390 672 ἰάλεμος
412 596 479 656 erat
502 611 631 656 carmen
647 594 791 674 lugubre,
816 595 901 676 quod
924 615 962 659 ex
977 597 1054 660 Asia
1069 598 1109 661 ad
1130 597 1267 665 Graecos

97 695 219 757 venisse
242 692 399 771 videturll
422 697 453 756 el
476 693 587 756 eodem
611 694 706 756 modo
728 713 793 775 quo
812 692 945 772 λιιῳδιά
961 694 1074 761 lunera
1088 699 1266 781 complora-

98 792 199 874 bat3).
243 792 414 857 Praeterea
441 791 626 873 o'loqvppor'
654 796 686 856 et
706 792 907 869 Ἀδωνίδιαῆ
938 795 1053 859 similes
1081 798 1269 865 dicebantur

98 895 353 959 lamentationes.
381 892 516 957 Gravius
530 896 637 956 autem
656 897 687 956 et
699 892 895 976 frequentius
909 912 1026 957 nomen
1038 901 1085 962 est
1105 901 1270 985 θρῆνος,

97 995 150 1076 qui
175 993 238 1056 iam
260 993 346 1075 apud
370 993 546 1057 Homerum
558 991 582 1073 ⁵)
605 993 697 1056 nobis
717 995 862 1073 occurrii,
885 994 940 1058 uhi
960 995 1116 1078 significat
1137 1005 1267 1066 cantum

99 1096 146 1158 vel
169 1094 280 1157 fidium
302 1094 434 1157 modum
458 1093 695 1157 lamentabilem
717 1093 886 1158 mulierum
919 1096 958 1159 de
982 1102 1108 1162 mortuo
1134 1103 1270 1182 querelis

99 1194 329 1259 concinentem.
363 1193 465 1256 Etiam
488 1197 598 1275 postea
618 1196 742 1278 θρῆνος
763 1195 962 1274 significabat
985 1216 1113 1263 carmen
1136 1201 1270 1283 lugubre

98 1295 434 1377 propr-inquorumque
456 1294 677 1358 defunctorum
701 1295 992 1375 complorationem.
1029 1297 1077 1361 lla
1098 1301 1185 1379 apud
1205 1305 1270 1367 tra·

98 1397 183 1477 gicos
212 1396 333 1476 θρῆνος
361 1413 486 1475 semper
514 1393 671 1474 significat
699 1414 827 1458 carmen
856 1394 998 1476 lugubre.
1042 1397 1159 1463 Contra
1183 1404 1271 1484 apud

98 1496 275 1559 Pindarum
297 1496 418 1579 θρῆνος
448 1498 574 1575 praeter
605 1492 867 1558 lamentationem
889 1496 985 1560 etiam
1008 1497 1191 1579 proferebat
1212 1503 1269 1566 ali·

101 1596 179 1679 quid
202 1594 402 1658 consolatorii
424 1594 512 1676 quod
530 1593 610 1658 infra
633 1594 854 1658 tractabimus.

182 1712 309 1789 Quanto
330 1730 406 1774 vero
431 1711 498 1774 iure
513 1729 575 1774 vox
599 1710 732 1792 elegia
752 1711 813 1775 hoc
835 1710 904 1775 loco
920 1712 959 1775 sit
976 1720 1272 1814 commemoranda,

102 1834 166 1878 non
187 1832 318 1895 prorsus
339 1815 473 1887 constal,
494 1830 567 1874 cum
590 1811 695 1874 miuus
716 1812 756 1875 sit
776 1812 979 1893 perspicuum
1003 1815 1087 1878 unde
1106 1818 1186 1881 haec
1208 1838 1271 1884 vox

101 1918 170 1977 orta
201 1913 249 1976 sit.
291 1911 375 1976 Nam
405 1911 423 1973 ii
454 1911 508 1989 qui
530 1930 642 1974 vocem
664 1910 768 1990 ἔλεγος
799 1912 1059 1994 quamprimum
1084 1916 1263 1983 invenimus

101 2015 143 2077 ab
175 2011 297 2086 »ἔλεοςι
321 2012 373 2075 vel
403 2009 437 2072 »ἒ
458 2009 474 2073 t
494 2010 613 2090 loyor«
644 2011 848 2089 derivabant,
881 2011 935 2075 diu
958 2013 1086 2078 refutati
1104 2021 1188 2081 sunt.
1231 2017 1271 2082 Et

103 2117 246 2177 veterum
268 2112 410 2176 omnium
433 2110 562 2192 quidem
585 2112 867 2191 grammaticorum
887 2112 1003 2178 iudicio
1032 2113 1132 2196 ἔλεγοι
1152 2117 1272 2200 signifi·

103 2214 221 2278 cabant
243 2211 486 2275 lamentationes
495 2208 530 2292 6).
566 2210 630 2275 Sed
650 2210 809 2294 principes
831 2213 978 2276 carminis
999 2214 1126 2296 elegiaci
1157 2237 1271 2299 quam·

101 2333 198 2396 quarn
224 2313 304 2377 inter
326 2314 447 2376 ceteras
468 2331 518 2374 res
539 2310 697 2374 humanas
717 2313 812 2375 etiam
837 2312 949 2378 lunera
972 2314 1129 2379 interdum
1153 2320 1271 2382 tracta·

100 2414 189 2490 hant,
211 2417 321 2476 tamen
337 2431 403 2476 non
421 2411 544 2475 luctum
562 2415 690 2475 lantum
709 2412 940 2493 exprimebant,
961 2434 1065 2496 neque
1087 2435 1149 2480 vox
1168 2416 1272 2498 ἔλεγος

100 2533 194 2579 sensu
213 2513 448 2577 lamentationis
468 2511 628 2577 invenitur
648 2516 723 2576 ante
738 2512 921 2594 Euripidem
935 2518 965 2577 et
981 2515 1271 2599 Aristophanem),

103 2668 297 2676 ..n——

295 2733 388 2802 πρώτῳ
405 2732 479 2793 μέλος
497 2732 674 2801 ἀνθρώποισιν
727 2742 821 2794 φωναῖς
837 2733 952 2803 λιγυραῖς
970 2733 1044 2785 delos.

296 2823 387 2882 Φοῖβος
406 2819 434 2870 dt
452 2819 530 2888 σκότῳ
549 2821 571 2870 o'
591 2820 697 2890 ἀναιρεῖ,
734 2818 839 2871 Μοῦσαι
857 2821 886 2872 dl
904 2839 930 2871 or
947 2824 1107 2888 θρηνίοιισιι.

100 2906 158 2961 Hoc
175 2906 247 2960 idem
268 2922 377 2960 carmen
395 2905 515 2959 versibus
533 2905 703 2959 hexametris
720 2907 903 2974 composilum
924 2905 1086 2960 Eustathius
1104 2908 1220 2977 praebet
1240 2908 1268 2962 in

99 2993 182 3048 schol.
209 2994 288 3046 Hom.
306 3010 333 3061 p.
351 2990 424 3045 1163.
461 2991 607 3047 Praeterea
631 2993 664 3047 de
688 2992 768 3046 Lino:
796 2992 896 3046 Herod.
923 2992 958 3047 II.
984 2995 1031 3064 79;
1056 2993 1084 3048 (l.
1103 2994 1132 3049 0.
1153 2995 1269 3050 Mueller

101 3078 170 3134 Hist.
190 3077 245 3133 litt.
264 3095 304 3147 gr.
325 3078 345 3134 1.
366 3095 391 3147 p.
409 3078 442 3131 27
462 3096 519 3148 sqq.
555 3077 584 3134 Ε.
595 3079 686 3132 Manes
702 3078 732 3132 in
750 3079 844 3134 Herm.
863 3079 956 3134 XXIII
975 3080 1044 3136 1888
1062 3099 1088 3149 p.
1107 3081 1158 3134 303
1176 3099 1234 3151 sqq.

171 3184 196 3253 1)
214 3184 325 3234 αῖλιιιιι
346 3182 442 3236 Aesoh.
461 3183 512 3252 Ag.
535 3184 597 3253 121;
616 3183 697 3252 Soph.
717 3183 760 3239 At.
772 3184 838 3254 6163
860 3183 953 3252 Eurip.
972 3183 1051 3238 Herc.
1070 3183 1200 3249 fur.348;
1220 3185 1268 3240 Ov.

101 3272 161 3324 Am.
181 3269 228 3324 III.
249 3271 272 3324 9.
292 3269 340 3331 23;
358 3268 537 3323 barbarorum
555 3287 635 3323 usus:
653 3269 748 3338 Eurip.
768 3270 813 3326 Or.
835 3270 1013 3325 1387-1391.

168 3360 195 3426 2)
214 3356 311 3410 Aeseh.
325 3355 445 3423 Choeph.
455 3356 520 3409 423:
541 3358 686 3416 Κισσίας
705 3358 975 3428 νόμοιςίιιλεμιστρίας.
998 3355 1091 3410 Aesch.
1101 3356 1175 3411 Pers.
1188 3358 1268 3412 1054:

101 3446 141 3495 uui
157 3444 270 3503 καταβόα
289 3443 319 3494 τό
339 3445 370 3493 M
377 3444 477 3495 riom.
513 3441 608 3512 Eurip.
627 3442 670 3497 Or.
690 3442 756 3496 1387
775 3461 833 3512 sqq.

172 3531 200 3600 3)
218 3528 311 3598 Eurip.
320 3528 402 3585 Trad.
410 3528 475 3599 6063
487 3529 567 3583 1295:
586 3530 679 3599 ἰαλέμῳ
691 3531 750 3589 roric
761 3531 892 3590 θανόντας
905 3529 1009 3594 doricus-3
1028 3529 1132 3585 Phoen.
1146 3530 1268 3598 103713&

102 3617 178 3672 PInd.
198 3617 252 3686 frg.
272 3615 330 3671 116.

168 3704 196 3772 4)
215 3701 344 3771 Heigelin
359 3702 388 3756 in
407 3700 498 3756 Paulii
519 3699 822 3770 »RealencylrlopddIm
843 3718 863 3758 s.
883 3720 907 3758 v.
926 3703 1039 3758 Adonis.

168 3789 196 3859 5)
215 3789 247 3843 Il.
265 3789 307 3843 24.
326 3789 390 3855 mh
410 3788 459 3844 Od.
478 3789 519 3843 24.
539 3789 580 3842 61.

166 3875 193 3945 6)
213 3872 461 3929 Grammaticorum
485 3874 559 3930 locos
578 3873 707 3928 collectos
733 3872 848 3927 adhibet
870 3871 973 3928 Sonten
992 3874 1028 3928 ad
1047 3874 1155 3930 Terent.
1181 3873 1269 3929 Maur.

102 3980 127 4031 p.
145 3962 205 4016 304.
224 3977 283 4030 sqq.

171 4048 198 4116 ‘ll
218 4047 311 4116 Eurip.
329 4048 390 4120 Iph.
416 4050 447 4104 Τ.
467 4050 533 4106 1066
557 4050 680 4116 Alcyone
704 4047 738 4100 de
760 4049 849 4105 morte
865 4049 961 4119 Ceycis
985 4047 1079 4104 mariti
1098 4050 1183 4114 ἔλεγον
1201 4040 1268 4101 οἶτον
