2946 4734
754 388 877 450 ..κγ
924 423 958 431 .-

305 559 382 617 Ovid.
401 567 454 618 art.
471 563 495 617 II
514 561 615 629 515sq.

463 647 536 717 quod
553 646 640 712 iuvat,
659 648 798 719 exiguum,
816 650 877 719 plue
894 653 944 716 est,
965 651 1039 721 quod
1057 650 1151 707 laedat
1169 654 1327 708 amantesr·

515 737 673 804 proponant
691 735 784 790 animo
802 736 891 790 multa
908 735 1022 792 ferenda
1038 753 1096 792 sno.

298 819 375 875 Ovid.
395 838 480 875 amor.
499 821 522 874 ll
541 823 565 885 9,
575 821 609 876 49
619 838 659 890 sq.
1015 864 1034 873 ,-

462 908 494 960 tu
512 905 580 981 levis
598 923 627 961 es
645 906 785 974 multoque
804 905 859 960 tuis
878 907 1015 962 ventosior
1033 907 1084 963 alie

440 1064 446 1071 υ
512 992 668 1062 gaudiaque
687 991 818 1062 ambigua
835 992 940 1063 dasque
958 1011 1097 1065 negasque
1114 995 1175 1051 lide.

305 1081 402 1136 Catull.
421 1079 508 1133 LXIV
526 1079 559 1132 95

463 1167 557 1221 sancte
574 1179 651 1233 puer,
670 1162 742 1217 euris
759 1162 905 1225 hominurn
923 1164 972 1235 qui
988 1164 1094 1235 gaudia
1110 1166 1214 1224 misaca

271 1253 504 1316 Alexandrinos
523 1248 681 1323 Romanis
703 1251 806 1333 poetis
833 1251 912 1317 talia
939 1253 1152 1319 scribentibus
1172 1261 1325 1323 auctores
1346 1258 1430 1323 fuisse

269 1354 388 1417 docent
412 1351 577 1449 Posidippi
599 1355 630 1416 et
652 1351 818 1433 Meleagri.
834 1352 1070 1435 epigrammata
1093 1360 1126 1420 et
1146 1357 1269 1424 Musaei
1293 1378 1429 1425 carmen:

305 1451 444 1522 Posidipp.
466 1450 572 1505 anthol.
591 1450 651 1505 Pal.
673 1451 698 1504 V
720 1450 802 1517 134,4
815 1468 854 1521 sq.

461 1537 543 1610 μέλοι
563 1532 592 1589 δ’
611 1531 678 1609 ἡμῖν
697 1530 713 1589 o‘
731 1535 921 1608 γλυκύπικρος
934 1533 1030 1610 Ἔρως.

303 1622 435 1692 Meleagri
453 1622 538 1693 epigr.
558 1622 664 1677 anthol.
682 1622 740 1677 Pal.
760 1623 784 1678 V
804 1623 861 1690 lea,
873 1624 938 1692 3sq.

464 1695 479 1779 ἦ
496 1711 528 1762 σύ
545 1727 580 1778 γε
596 1707 724 1781 μηνύεις,
743 1703 789 1764 ὅτι
810 1711 857 1764 καὶ
874 1706 1031 1780 γλυκύ·καί
1049 1709 1243 1780 δυσύποιστον,

496 1792 598 1868 πικρὸν
616 1791 662 1849 risi
685 1797 785 1869 κραδίᾳ
805 1796 922 1869 κέντρον
936 1795 1056 1870 Ἔρωτος
1073 1797 1139 1872 ἔχει.

299 1889 363 1940 Mus.
387 1885 434 1938 ¹66
465 1949 514 2023 ἤδη
533 1953 580 2004 καὶ
599 1949 790 2023 γλυκύπικρον
808 1947 919 2008 ἐδέξατο
939 1951 1056 2023 κέντρον
1072 1946 1203 2025 Ἐρώτων.

273 2041 383 2118 Adde,
416 2040 504 2121 quod
533 2038 628 2103 etiam
662 2038 875 2117 Claudianus,
910 2038 965 2120 qui
995 2038 1184 2105 adulescens
1211 2043 1303 2107 omni
1339 2044 1429 2109 musei

270 2141 479 2206 Alexandrini
503 2140 634 2204 scientia
664 2140 807 2204 imbutus
835 2143 899 2217 est,
928 2139 1038 2204 scribit
1067 2140 1255 2222 epithalam.
1285 2143 1328 2209 de
1348 2135 1428 2228 nupt.

268 2243 388 2306 Honor.
414 2243 455 2306 69
469 2259 540 2322 sqq.

460 2339 592 2394 labuntur
609 2336 714 2408 gemini
732 2337 830 2401 fontes,
849 2337 894 2391 bic
913 2337 1006 2403 dulcis,
1027 2354 1135 2393 amarus

461 2428 538 2489 alter,
558 2429 586 2480 et
603 2423 700 2478 infusis
718 2426 896 2494 corrumpunt
914 2423 998 2479 mella
1018 2425 1139 2496 venenis,

461 2513 534 2566 unde
552 2511 717 2582 Cupidineas
735 2510 838 2565 armari
856 2510 932 2565 fama
949 2510 1072 2580 sagittas.

348 2600 477 2665 Amoris
500 2604 615 2664 autern
645 2598 708 2662 mel
729 2602 761 2662 et
782 2597 823 2661 fel
844 2603 978 2662 monent
998 2618 1059 2677 me,
1081 2602 1117 2663 ut
1136 2598 1331 2682 adiungam,
1353 2621 1425 2684 quae

265 2703 298 2767 in
315 2701 421 2766 Plauti
439 2701 635 2765 Truculento
661 2720 690 2762 v.
707 2700 765 2763 178
779 2718 848 2781 sqq.
871 2699 1063 2764 Diniarchus
1081 2700 1305 2767 meretricibus
1322 2701 1423 2767 obicit:

464 2799 493 2853 in
511 2800 590 2854 melle
608 2801 672 2852 sunt
691 2798 801 2867 linguae
820 2796 888 2853 sitae
908 2801 1016 2853 vostrae
1034 2802 1118 2868 atque
1136 2797 1284 2871 orationes,

461 2885 536 2940 facta
554 2889 637 2954 atque
657 2885 740 2938 corda
757 2884 787 2937 in
805 2883 868 2939 felle
886 2887 950 2938 sunt
968 2883 1022 2938 sita
1040 2888 1125 2954 atque
1143 2884 1243 2941 acerbo
1261 2889 1354 2943 aceto:

461 2990 493 3027 eo
511 2973 586 3027 dicta
603 2972 698 3042 lingua
717 2970 807 3025 dulcia
824 2970 905 3031 datia
923 2972 1003 3025 corde
1021 2989 1117 3027 amara
1133 2971 1233 3028 facitis

268 3060 357 3123 Haec
380 3081 508 3142 quoque
532 3063 631 3124 verba
657 3081 695 3124 ex
723 3080 808 3124 nova
837 3060 1004 3124 comoedia
1032 3061 1074 3124 ad
1106 3059 1213 3141 elegos
1245 3058 1420 3127 Alexandri·

266 3180 381 3223 norum
402 3166 433 3225 et
449 3162 673 3226 Romanorum
694 3161 823 3224 fluxisse
844 3160 935 3224 facile
959 3162 1124 3238 concedes,
1146 3161 1171 3224 si
1196 3158 1419 3244 comparaveris

267 3279 339 3324 cum
364 3261 479 3326 Plauto
502 3263 561 3327 hos
582 3263 685 3326 locos:

300 3358 377 3414 Ovid.
397 3378 482 3414 amor.
501 3364 512 3414 l
532 3362 669 3431 e‚103sq.

464 3447 559 3516 lingua
577 3447 653 3502 iuvet
673 3451 847 3513 mentemque
865 3448 958 3516 tegat:
984 3443 1108 3500 blandire
1125 3459 1263 3513 noceque;

559 3533 646 3603 impia
663 3535 713 3588 sub
731 3535 804 3589 dulci
825 3536 904 3589 melle
917 3529 1028 3587 ¹venena
1045 3533 1144 3585 latent.
1186 3602 1189 3607 .

301 3616 402 3673 Moschi
419 3615 456 3671 id.
476 3619 487 3671 l
506 3619 591 3688 8sqq.
1192 3604 1201 3640 ἱ

746 3687 830 3738 κακαὶ
849 3684 963 3756 φρένες,
984 3679 1035 3738 ‹idi›
1054 3686 1170 3756 λάλημα.

461 3771 495 3828 ού
514 3770 568 3845 γὰρ
589 3775 650 3827 ἴσον
668 3773 741 3826 νοέει
762 3773 808 3825 καὶ
827 3771 996 3841 φθέγγεται·
1021 3764 1057 3830 ὦς
1072 3770 1137 3843 μέλι
1152 3768 1241 3838 φαντί,
1461 3716 1464 3887 ⁴

460 3859 491 3915 έν
510 3861 539 3917 δέ
554 3862 631 3933 χολά,
651 3861 714 3917 νόος
734 3856 808 3912 ἐστὶν
827 3854 974 3930 ύνάμερος,
994 3853 1194 3928 ἧττεροτιευτάς,
1462 3890 1464 3933 5

460 3943 541 4001 ούδέν
561 3943 715 4014 dacerius,
734 3946 826 3999 δόλιον
845 3948 952 4016 βρέφος,
972 3941 1058 4016 τ’ύγρια
1076 3942 1197 3999 παίσδει.
1458 3936 1464 4063 ⁴

301 4037 388 4092 Marci
407 4032 566 4105 Argentarii
584 4033 670 4103 epigr.
689 4031 795 4086 anthol.
813 4032 870 4086 Pul.
889 4033 911 4084 V
931 4031 999 4095 323
1013 4049 1051 4100 sq.
1460 4068 1464 4127 i

463 4123 510 4173 καὶ
527 4120 591 4192 μέλι
610 4118 665 4190 μέν
683 4120 789 4180 στάζεις
807 4113 860 4171 sini
875 4119 1000 4190 χείλεσιν
1019 4112 1068 4188 ἡδὺ
1087 4116 1215 4185 φιλεῦσα.
1461 4138 1464 4163 ι

515 4202 550 4276 ἢν
568 4201 598 4260 δ’
615 4203 702 4278 αἰτῇς,
722 4206 827 4276 κέντρῳ
845 4205 938 4275 τύμμα
958 4205 1054 4275 φέρεις
1073 4200 1180 4257 ἄδικον.
1459 4166 1464 4339 Ι
