2946 4734
473 345 839 413 4.-12-

148 519 176 572 et
193 518 307 573 Poenul.
326 518 377 572 447
397 537 439 588 sq.

262 642 266 653 .
334 613 381 668 ibo
400 617 484 683 atque
501 632 635 671 arcessam
655 619 747 684 testes,
770 616 881 686 qnando
901 616 985 669 Amor
1003 614 1081 670 iubet

333 717 378 756 me
397 700 587 758 oboedientem
606 719 662 758 esse
680 720 757 759 servo
777 703 903 759 liberum.

149 789 197 854 Ne
219 808 291 852 eam
316 788 448 870 quidem
479 791 670 856 sententiam
693 791 811 857 frustra
834 791 924 874 apud
952 790 1126 874 elegiarum
1149 789 1322 874 scriptores

147 888 327 969 indagabis,
350 888 461 953 dicunt
482 889 584 955 enim:

181 993 305 1048 Tibullus
321 993 334 1045 Ι
351 993 375 1058 6,
389 993 423 1047 30

293 1080 371 1134 iussit
389 1081 488 1134 Amor:
516 1083 613 1135 contra
630 1080 691 1150 quis
710 1082 783 1136 ferat
800 1099 879 1136 erma
895 1081 981 1136 deos?

185 1164 264 1219 ovid.
285 1165 390 1220 heron.
411 1167 448 1219 iv
470 1167 500 1220 10
513 1185 552 1236 sq.
838 1153 840 1158 ’

346 1252 436 1307 dicere
453 1270 524 1321 quae
542 1252 649 1323 puduit,
677 1253 794 1308 scribere
811 1253 889 1308 iussit
908 1255 999 1308 Amor.

293 1339 427 1409 quidquid
446 1340 531 1394 Amor
551 1338 637 1403 iussit,
655 1357 711 1394 non
729 1343 770 1395 est
788 1344 963 1396 contemnere
981 1342 1084 1395 butum.

230 1426 294 1492 Sed
333 1429 375 1491 ad
419 1427 505 1491 aliud
536 1428 643 1491 Plauti
674 1429 877 1492 enuntiatum
908 1429 1052 1492 animum
1090 1429 1317 1494 advertamus:

183 1533 296 1587 Mercat.
316 1532 367 1586 854
381 1550 439 1600 sqq.

574 1618 596 1671 0
615 1618 728 1689 Cupido,
749 1622 868 1687 quantus
886 1636 922 1683 es,

291 1721 356 1758 nam
377 1708 406 1757 tn
422 1704 546 1773 quemvis
564 1705 749 1759 confidentem
768 1706 848 1759 facile
866 1706 921 1760 tuis
938 1706 1020 1761 factis
1036 1706 1112 1770 facis,

294 1790 409 1844 eundem
430 1807 463 1844 ex
479 1790 633 1845 confidente
652 1794 777 1845 actutum
797 1791 968 1846 diffidentem
987 1791 1084 1847 denuo.

151 1875 297 1952 Quocum
320 1878 558 1942 similitudinem
583 1879 748 1960 quandam
771 1880 928 1960 praebent
948 1879 1094 1944 Tibullus
1115 1885 1147 1971 et
1168 1881 1316 1945 Ovidius:

183 1983 282 2038 Tibull.
303 1983 341 2036 lll
360 1985 385 2047 6,
403 1985 435 2037 13

293 2069 340 2124 ille
357 2070 425 2125 facit
443 2070 514 2124 dites
532 2070 637 2125 animos
655 2070 729 2140 deus,
749 2070 796 2124 ille
814 2071 930 2124 ferocem

379 2157 513 2211 contudit.

184 2243 262 2296 Ovid.
282 2259 367 2297 amor.
387 2245 411 2296 II
431 2243 501 2311 18,4

295 2334 323 2385 et
340 2333 419 2384 tener
437 2347 549 2384 ausuros
566 2329 684 2400 grandia
701 2329 807 2400 frangit
827 2332 919 2382 Amor.

149 2419 252 2480 Immo
275 2438 352 2481 vero
370 2417 468 2499 ipsius
485 2417 696 2482 Alexandrini
711 2417 781 2480 aevi
797 2421 937 2498 poetam,
960 2415 1179 2495 Theocritum,
1203 2417 1317 2481 afferre

36 2598 39 2604 .
149 2522 329 2599 possumus,
351 2537 424 2581 curn
447 2518 566 2581 scribat
587 2517 628 2580 id.
651 2517 758 2581 XXIX
779 2517 830 2593 dl,
852 2536 922 2598 sqq.

477 2610 490 2668 ὃ
510 2616 541 2669 δέ
559 2618 601 2668 τοί
620 2612 647 2668 κ’
662 2612 743 2686 Ἔρος
763 2609 795 2667 οὗ
810 2613 937 2686 χαλεπῶς
955 2613 1024 2685 ἔχοι,

296 2697 325 2762 ὃς
344 2698 452 2774 ἀνδρῶν
472 2702 577 2773 φρένας
595 2697 738 2772 εὐμαρέως
758 2697 961 2771 ὑποδάμναται,

295 2785 321 2841 κ’
338 2786 391 2859 que*
409 2789 557 2859 μαλθακὸν
576 2785 606 2844 ἐξ
624 2784 735 2855 ἐποίησε
754 2786 875 2856 serapio.

233 2884 391 2965 Sequitur,
415 2888 450 2947 ut
472 2902 577 2964 pauca
599 2882 758 2963 proferam
782 2881 821 2943 de
844 2880 950 2944 Plauti
971 2880 1101 2943 Trucul.
1124 2901 1153 2944 v.
1170 2882 1232 2946 317
1248 2903 1316 2965 sqq.

219 2998 312 3034 verum
334 2999 385 3050 ego
403 2981 489 3048 illum,
508 2998 676 3049 quamquam
696 2979 850 3047 violentnst,
869 2995 947 3048 spero
966 2977 1109 3032 immutari
1126 2982 1192 3048 pobe
1277 3056 1282 3061 ι

218 3068 424 3135 blandimentis,
443 3067 600 3129 oramentis,
619 3067 715 3121 ceteris
734 3063 903 3121 meretriciis.

220 3155 275 3208 vidi
293 3172 390 3223 equom
411 3171 444 3208 ex
462 3153 596 3208 indomito
615 3153 750 3207 domitum
769 3151 829 3205 fieri
848 3159 930 3220 atque
949 3151 1016 3206 alias
1034 3151 1138 3206 beluas.

150 3246 273 3308 Amant
295 3242 380 3305 enirn
404 3241 534 3321 elegiaci
557 3261 687 3323 quoque
708 3244 825 3322 poetae
843 3240 1006 3304 hominem
1023 3242 1187 3303 amantem
1207 3244 1317 3305 contra

152 3344 280 3409 Amoris
301 3342 366 3404 vim
392 3342 510 3404 iruslra
534 3346 767 3422 repugnantem
788 3360 860 3403 cum
884 3339 989 3421 equiS,
1018 3339 1135 3417 tauris,
1157 3339 1229 3404 aliis
1250 3339 1317 3404 ani·

151 3444 305 3520 malibus,
336 3461 420 3522 quae
443 3441 592 3523 quamvis
614 3442 697 3517 fera,
733 3445 842 3502 lamen
864 3439 959 3501 frenis
981 3439 1112 3502 tandem
1135 3438 1316 3518 domantur,

150 3561 356 3625 comparare:

185 3651 263 3706 Ovid.
278 3664 363 3703 amor.
382 3649 392 3699 l
413 3648 437 3713 2,
456 3646 487 3699 13
499 3664 558 3713 sqq.

313 3732 428 3786 verbera
445 3732 525 3800 plura
542 3732 644 3800 ferunt,
662 3750 747 3800 qnam
766 3749 833 3800 quos
851 3730 929 3784 iuvat
947 3748 1009 3783 usus
1026 3728 1113 3784 aratri

366 3820 521 3873 detrectant
538 3819 630 3887 prensi
649 3819 713 3872 dnm
730 3818 796 3888 iuga
813 3818 903 3887 prima
920 3818 1016 3879 boves3

318 3924 396 3977 asper
414 3923 499 3974 equus
517 3905 591 3958 duris
609 3904 787 3959 contunditur
808 3920 856 3957 ora
875 3903 976 3973 lupatis

367 3994 446 4046 frena
464 3991 554 4044 minus
573 3990 671 4054 sentit,
690 3990 812 4060 quisquis
830 3990 865 4043 cd
883 4007 961 4044 arma
978 3991 1054 4044 facit.

314 4080 402 4134 acrius
421 4077 523 4131 invitos
541 4078 681 4144 multoque
699 4076 814 4130 ferocius
832 4079 921 4145 urget,

366 4181 449 4232 quam
466 4162 514 4231 qui
531 4161 674 4218 servitium
693 4162 764 4215 ferre
782 4162 913 4232 fatentur,
937 4162 1031 4217 Amor.
