2946 4734
666 225 885 287 ...54-

189 405 355 471 videmus.
412 403 479 469 Sed
503 404 545 467 de
569 403 622 467 his
651 402 949 486 grammaticorum
985 399 1147 483 catalogis
1183 398 1266 464 satis
1291 398 1365 463 dixi

189 529 379 605 metuoque,
403 543 446 584 ne
470 519 613 583 nimium
636 524 745 602 putes.

294 638 451 720 Denique
486 635 618 699 nullum
654 633 950 718 grammaticorum
975 632 1124 697 indicem
1148 632 1364 697 auctoritatis

189 754 291 818 ullius
326 775 387 838 per
422 751 661 834 antiquitatem
696 749 801 812 luisse
833 770 892 834 per
921 770 956 812 se
980 755 1084 833 patet.
1142 748 1218 812 Hoc
1252 748 1363 812 solum

189 867 474 935 Aristarchum
499 886 686 928 unacum
711 864 880 928 Gratata
908 843 1214 928 illustrissimos
1238 863 1362 928 Grae·

189 1007 326 1049 corum
364 980 650 1068 grammaticos
694 1002 713 1043 a
752 979 862 1044 Dione
900 979 1140 1064 Chrysostomo
1184 980 1242 1058 (or.
1276 978 1364 1044 LIH

188 1123 221 1185 p.
238 1102 302 1165 553
320 1098 369 1180 M)
394 1108 428 1163 et
450 1098 561 1163 Gellio
587 1097 702 1177 (1125,
721 1095 753 1172 4)
777 1095 908 1159 laudari
930 1100 1220 1160 commemoretur.
1255 1095 1363 1161 Deni-

189 1239 253 1300 que
290 1216 345 1279 hic
380 1214 515 1280 silentio
548 1234 617 1277 non
641 1218 849 1296 praeteream
878 1211 1021 1296 primam
1045 1211 1363 1277 dissertatiunculae

190 1333 278 1416 „Ein
293 1328 567 1415 byzantinisches
583 1323 871 1411 Schulgesprech“
894 1327 1079 1413 inscriptae
1093 1332 1127 1391 et
1142 1323 1362 1408 aMTrevio¹)

188 1449 335 1533 primum
361 1446 472 1510 editae
494 1444 695 1529 particulam
720 1442 761 1507 ad
781 1442 941 1526 Dionysii
955 1443 1034 1507 Thr.
1059 1443 1262 1529 interpretes
1286 1466 1362 1529 per·

189 1563 354 1627 tinentem
378 1584 487 1646 neque
504 1561 599 1624 illum
617 1560 814 1644 ampliorem
831 1558 978 1623 indicem
1001 1560 1154 1623 conferre
1170 1558 1363 1644 obliviscar,

189 1677 247 1762 qui
264 1700 282 1740 a
298 1677 479 1741 Pachomio
493 1675 665 1757 RhusauO,
690 1674 814 1739 decimi
838 1675 925 1740 sexti
948 1674 1020 1738 fere
1043 1676 1170 1740 saeculi
1185 1676 1362 1760 monache,

190 1793 391 1877 praefationi
430 1790 510 1856 libri
550 1791 591 1855 de
632 1800 703 1855 arte
748 1791 969 1875 grammatica
1005 1791 1179 1876 compilati
1214 1791 1363 1857 insertus

189 1917 223 1973 et
247 1908 283 1972 in
307 1907 422 1972 codice
436 1909 522 1972 Nan.
537 1907 596 1971 Gr.
612 1908 676 1972 305
701 1915 853 1972 servatus
871 1928 926 1970 eos
943 1908 1182 1988 grammaticos
1198 1908 1362 1993 continet,

188 2045 332 2108 quorum
356 2024 482 2108 scripta
506 2023 547 2086 ad
573 2023 740 2086 Manuelis
762 2022 974 2108 Moschopuli
998 2045 1105 2107 usque
1129 2028 1276 2088 aetatem
1291 2025 1362 2109 By-

190 2141 321 2204 zantini
346 2139 621 2223 frequentissime
647 2134 901 2217 adhibuerint.²l

293 2255 503 2339 Appendicis
543 2256 615 2318 loco
655 2255 951 2337 grammaticorum
999 2254 1174 2320 cuiusdam
1221 2256 1358 2342 speciei,

189 2393 303 2435 eorum
329 2371 429 2453 enim,
455 2371 523 2454 qui
548 2370 593 2434 de
609 2393 649 2434 re
673 2370 873 2434 culinaria
897 2371 1162 2456 scripserunt,
1187 2374 1360 2457 catalogos

189 2508 258 2552 non
282 2509 356 2551 raro
393 2486 482 2571 apud
515 2493 667 2550 auctores
697 2488 842 2551 Graecos
870 2486 1020 2551 inveniri
1055 2487 1189 2552 adnata.
1241 2488 1291 2554 Ut
1322 2489 1360 2554 in

188 2602 331 2666 Batonis
367 2596 400 2661 ἐν
425 2591 616 2683 Εὐεργέταις
651 2603 842 2685 fragmento
871 2601 935 2688 (ap.
965 2602 1092 2668 Athen.
1116 2603 1204 2670 XIV
1233 2604 1289 2686 81)
1325 2613 1361 2670 et

188 2740 206 2782 a
242 2719 379 2782 Polluce
414 2718 476 2796 (VI
512 2719 565 2795 ΤΟ)
601 2719 790 2803 complures
832 2741 891 2782 seu
931 2719 1070 2803 plurimi
1108 2707 1360 2807 ὀψοποιητικῆς

187 2826 415 2916 πραγματείας
439 2827 597 2917 σοφισταὶ
622 2841 871 2898 enumerantur.
919 2837 1008 2899 Dein
1033 2857 1099 2918 eoa,
1129 2835 1187 2920 qui
1215 2828 1361 2898 δείπνων

188 2938 381 3032 ἀναγραφὰς
400 2951 563 3026 fecerunt,
588 2950 784 3014 Athenaeus
798 2949 828 3031 (Ι
841 2948 873 3026 8)
891 2956 925 3015 et
938 2951 1059 3015 Suidas
1076 2950 1111 3033 (i.
1124 2973 1156 3015 v.
1175 2944 1360 3030 Τιμαχίδας

186 3053 346 3147 Ῥόδιος)
372 3087 438 3147 eOS,
464 3066 521 3149 qui
539 3065 580 3129 de
598 3057 723 3142 ἷχίίιῗων
739 3059 914 3148 ἐπιμελείᾳ
930 3060 987 3126 καὶ
1004 3061 1096 3151 τέχνῃ
1114 3067 1359 3151 disseruerunt,

190 3181 388 3244 Athenaeus
432 3181 459 3257 (I
492 3179 548 3261 22)
589 3192 635 3264 et,
687 3182 745 3266 qui
790 3174 1101 3243 πλακουντοποιικὰ
1146 3174 1360 3264 συγγράμαῑα

188 3303 459 3380 composuerunt,
481 3296 572 3360 idem
586 3297 781 3361 Athenaeus
801 3298 902 3379 (XIV
918 3300 972 3376 el)
990 3298 1153 3364 nominat.
1180 3300 1358 3368 Postremo

188 3433 302 3474 eorum
323 3413 470 3495 nomina²
497 3413 554 3496 qui
579 3407 656 3493 περὶ
684 3412 738 3497 mig
766 3404 906 3498 καρύκης
930 3407 1104 3488 σκευασίας
1128 3414 1357 3502 disputarunt,

188 3549 303 3591 rursus
328 3528 417 3613 apud
441 3527 656 3592 Athenaeum
681 3529 768 3609 (ΧΠ
795 3528 847 3609 12)
873 3530 1011 3595 collecta
1035 3530 1199 3596 videmus.

294 3644 370 3707 Non
405 3645 517 3706 minus
552 3667 652 3728 quani
685 3645 814 3709 indices
838 3647 1137 3729 grammaticorum
1162 3646 1358 3719 medicorum

188 3759 358 3840 catalogus
382 3759 418 3821 in
442 3758 509 3822 tab.
534 3761 569 3822 M
595 3768 628 3823 et
652 3761 719 3824 tab.
747 3761 772 3824 C
797 3769 989 3826 asservatus
1019 3764 1181 3848 ampliore
1209 3766 1359 3849 explica-

187 3873 280 3937 tione
304 3883 392 3957 eget,
418 3897 516 3958 quam
548 3876 703 3958 equidem
731 3877 860 3961 primus
884 3878 1016 3942 faciam.
1065 3879 1132 3944 Sed
1160 3880 1359 3966 priusquam

296 4155 320 4217 1)
349 4154 530 4222 Byz.Ztschr.
553 4156 580 4208 ll
606 4160 696 4213 (lenm
716 4158 848 4210 llll-Ille
873 4176 934 4211 rum
959 4160 1161 4213 commentario.
1193 4191 1227 4199 —
1255 4160 1284 4230 2)
1307 4163 1359 4217 cfr.

187 4243 388 4296 Allannistark
416 4244 745 4313 lucubratbyro-(traca
780 4247 806 4298 in
835 4247 1070 4317 llil'clPhilSppl
1093 4248 1167 4302 XXI
1186 4250 1278 4320 (1894)
1297 4253 1361 4309 370.
