2946 4734
638 266 675 274 --
725 232 745 294 l

723 410 750 473 Ι.

254 525 290 589 Si
315 547 394 589 vero
411 525 452 589 ad
470 547 541 588 rem
559 526 667 609 ipsam
692 527 846 609 aggressi
862 526 1064 609 quaerimus,
1087 524 1178 589 unde
1200 525 1326 589 disser-

148 642 355 705 tatiunculae
368 649 503 705 nostrae
516 641 651 705 initium
667 663 848 723 sumamus,
861 643 1027 728 optimum
1035 640 1327 725 utilissimumque

148 779 220 820 esse
250 779 433 837 censemus,
459 757 606 841 primum
632 758 802 839 catalogos
831 780 849 820 e
877 779 1007 821 summo
1024 757 1216 821 litterarum
1237 757 1327 821 anti-

148 896 289 957 quarum
326 873 504 957 naufragio
549 880 701 936 servatos
736 895 833 956 quam
876 872 1129 937 accuratissime
1168 880 1326 937 tractare.

148 989 234 1053 Nam
287 1011 396 1073 neque
445 988 755 1052 Alexandrinorum
814 989 1112 1071 grammaticorum
1159 1010 1325 1053 canonem

147 1127 257 1189 neque
281 1105 383 1168 alium
410 1104 587 1188 antiquum
613 1105 718 1167 ullum
743 1105 891 1186 genuina
914 1105 1023 1168 forma
1047 1104 1214 1169 traditum
1234 1105 1325 1169 inter

148 1243 266 1284 manus
305 1242 366 1284 nos
405 1220 528 1283 hahere
569 1228 687 1283 notum
727 1229 787 1302 est,
828 1221 907 1304 quia
945 1220 1144 1305 plerumque
1181 1218 1324 1284 fortuito

147 1344 291 1418 tantum,
317 1358 385 1400 non
410 1359 427 1399 e
452 1343 542 1399 certo
576 1336 716 1400 consilio
740 1337 879 1399 firmave
916 1335 1046 1399 ratione
1081 1335 1264 1421 scriptores
1288 1335 1322 1399 in

148 1455 260 1537 aliquo
297 1475 421 1536 genere
456 1453 577 1536 optimi
614 1453 803 1515 enumerati
831 1458 911 1515 sunt
946 1458 982 1515 et
1016 1451 1187 1517 recensiti.
1233 1452 1324 1517 Ate

149 1569 418 1652 Byzantinorum
442 1568 651 1652 temporibus
676 1568 761 1631 duae
785 1575 959 1652 poetarum
993 1568 1264 1653 scriptorumque
1287 1569 1323 1633 in

147 1685 251 1749 variis
287 1683 476 1768 disciplinis
512 1684 878 1767 praestantissimorum
914 1683 1049 1748 tabulae
1084 1685 1209 1768 partim
1245 1705 1322 1749 con·

149 1800 335 1864 sentientes
370 1801 492 1884 partim
521 1799 617 1862 valde
642 1801 731 1863 inter
756 1822 827 1863 sese
852 1799 1082 1884 discrepantes
1105 1806 1324 1863 conservatae

149 1924 238 1999 sunt,
274 1938 414 1999 quarum
456 1917 594 1979 alteram
625 1915 921 1998 Montelalconiim‚
958 1916 1097 1979 Cramer
1129 1915 1271 1980 alteram
1305 1938 1324 1979 e

149 2032 430 2096 bibliothecarum
455 2032 603 2096 tenebris
628 2032 664 2096 in
699 2032 805 2095 lucem
844 2032 998 2114 protulit.
1048 2030 1146 2109 Quod
1170 2053 1253 2096 vero
1289 2031 1323 2095 hi

148 2148 278 2212 indices
303 2149 427 2212 summi
452 2148 615 2211 momenti
650 2156 751 2232 atque
787 2148 892 2211 totius
927 2147 1177 2212 controversiae
1200 2146 1323 2212 funda·

149 2272 300 2328 mentum
327 2264 486 2327 videntur
511 2286 591 2345 esse,
628 2287 700 2345 nos,
726 2264 813 2348 quod
850 2263 959 2328 adhuc
994 2285 1159 2349 nusquam
1194 2264 1322 2329 factum

149 2387 210 2462 est,
235 2403 290 2444 ecs
306 2382 406 2464 pleno
428 2387 528 2464 atque
544 2380 679 2462 integro
697 2388 859 2465 apparatu
877 2379 994 2443 critico
1012 2381 1196 2444 instructos
1213 2378 1324 2445 denuo

150 2496 296 2577 edamus,
325 2496 523 2580 praesertim
550 2519 626 2559 cum
651 2503 685 2558 et
710 2495 836 2559 codicis
861 2495 1119 2560 Montefalconii
1142 2517 1233 2560 nova
1256 2496 1323 2561 col-

149 2612 229 2675 latio
253 2612 517 2692 accuratissima,
543 2633 628 2695 quae
652 2611 815 2675 nonnulla
839 2618 962 2674 eventa
986 2612 1124 2676 omnino
1148 2612 1324 2698 inopinata

149 2727 260 2809 hahet,
296 2734 330 2790 et
365 2728 400 2790 in
432 2727 583 2790 Crameri
619 2726 734 2791 tabula
768 2726 1040 2810 recognoscenda
1075 2726 1180 2791 codex
1213 2727 1323 2793 adhuc

149 2843 298 2907 nondum
334 2842 505 2906 adhibitus
535 2842 700 2926 nobisque
738 2865 852 2907 rursus
890 2843 1153 2927 diligentissime
1182 2843 1325 2909 collatus

148 2968 282 3044 praesto
306 2959 360 3023 sit.

256 3076 465 3139 Veteriorem
477 3085 669 3138 nestrorum
682 3076 910 3158 catalogorum
925 3075 1094 3159 primusB
1108 3075 1155 3140 de
1168 3076 1202 3141 M
1210 3082 1323 3141 onte·

148 3191 350 3272 falconius
375 3213 392 3250 e
425 3190 537 3254 codice
568 3191 775 3254 Coisliniano
801 3191 1098 3257 OOCLXXXVII
1130 3191 1185 3271 (ol.
1211 3191 1324 3259 Athon

151 3307 344 3380 OOXXIX,
363 3305 512 3385 membr„
528 3330 612 3370 saec.
627 3308 971 3392 X‚f01.153v),quem
987 3306 1189 3392 Georgius
1203 3308 1236 3373 K
1242 3329 1323 3385 arc,

149 3423 203 3486 vir
227 3422 454 3504 doctissimus
480 3423 620 3486 Parisiis
648 3422 883 3487 liberalissime
906 3430 1008 3508 atque
1032 3446 1109 3501 cum
1132 3424 1323 3511 pulvisculo

150 3539 185 3601 in
209 3561 304 3602 usum
331 3561 442 3602 meum
460 3538 569 3602 denuo
595 3540 749 3620 contulit,
777 3540 811 3603 in
837 3540 1074 3622 „Bibliotheca
1091 3536 1322 3605 Οοίείἰιιὶίιηιιιι

150 3658 262 3733 (ille)
280 3657 454 3720 tuo—sss
477 3654 606 3739 publici
631 3656 713 3718 iuris
730 3656 823 3719 fecit.
873 3655 966 3732 Quae
994 3654 1108 3720 tabula
1123 3655 1165 3721 ab
1180 3656 1206 3723 J
1211 3654 1321 3722 AFa-

150 3769 280 3834 bricio
295 3772 329 3834 in
346 3771 579 3852 „Bibliotheca
592 3769 740 3836 Graeca“
754 3772 808 3835 IX
826 3770 940 3853 (1719)
956 3768 1162 3852 oss—(302¹)
1176 3772 1323 3857 repetita

264 3984 284 4037 1)
313 3981 358 4032 sul
388 3980 494 4034 Fabi-ic.
523 3980 581 4031 cod.
611 3981 692 4032 (bid.
712 3981 971 4035 ccclxxxviii
1001 3981 1059 4034 sinc
1082 3980 1168 4034 (lubio
1191 3980 1320 4035 cealami

151 4072 227 4140 lapsu
243 4072 388 4137 siguificat.
406 4078 428 4120 cl
453 4071 477 4121 iu
490 4070 552 4122 alil.
569 4070 617 4127 „lli
627 4075 651 4121 Γ·
667 4088 680 4123 u
697 4070 895 4123 (llfh‘llurlcsio
911 4072 1005 4124 iterata
1021 4070 1104 4124 iudex
1116 4076 1210 4125 nister
1221 4070 1321 4125 frustra

150 4163 296 4229 quaeritur.
335 4165 460 4211 (burum
483 4169 602 4227 utrque.
623 4165 645 4210 el
663 4160 893 4213 llumcl'uluuiiin¹
909 4166 934 4213 ct
948 4160 1101 4223 Fabricius,
1120 4160 1322 4230 interpretatio

151 4268 211 4301 ruem
233 4250 359 4302 latinam
382 4249 494 4301 (buccis
514 4247 600 4300 verbi.-¹
622 4248 794 4301 :ulilidurunt
