2946 4734
630 359 836 421 ..65-

147 540 256 615 partes
277 536 309 599 in
331 535 527 600 carminibus
547 538 611 601 suis
633 558 737 619 agere.
790 538 847 602 Cui
871 538 1014 619 opinioni
1036 540 1189 623 exemplis
1212 542 1319 606 allatis

147 635 245 699 fidem
269 635 384 700 faciam
407 641 544 717 oportet.
566 698 568 701 ,
587 638 798 702 lamentatur
820 659 896 719 ergo
918 639 1117 718 adulescens,
1141 641 1195 722 qui
1215 641 1316 706 mulla

148 755 285 799 munera
323 736 440 800 frustra
475 738 688 818 consumpsit,
723 738 772 801 his
801 739 907 803 verbis
938 739 970 802 in
993 738 1144 803 Timoclis
1175 740 1321 806 Neaerae

148 837 262 915 fragm.
284 836 333 913 23,
357 836 396 901 K.
418 836 443 899 ll
467 856 497 916 p.
519 835 582 900 aaa
734 908 736 911 ¹

565 929 623 986 ἄλλ’
642 927 757 1003 ἔγωγίἶ
784 930 918 1007 δυστυχὴς

348 1018 464 1090 Φρύνης
483 1013 622 1091 ἐρασθείς,
643 1014 716 1090 ἡνίκ’
736 1019 778 1072 ἔτι
799 1016 848 1091 τὴν
867 1020 1013 1093 κάππαριν

345 1106 497 1175 συνέλεγεν
515 1103 590 1159 οὔπω
610 1102 633 1159 τ’
647 1103 736 1179 aileu,
756 1101 861 1177 ὅσαπερ
880 1106 932 1160 νῦν
950 1107 1017 1180 ἔχει,

344 1189 484 1260 πάμπολλ’
503 1189 658 1246 ἀναλίσκων
678 1190 722 1261 ἐφ’
742 1191 847 1266 ἑκάστῳ
867 1193 916 1265 τῆς
935 1191 1027 1267 θύρας

346 1275 536 1353 ἄπεκλῃόμην,

184 1367 213 1420 et
233 1366 260 1418 in
279 1365 370 1420 Plauti
392 1364 519 1419 Asinaria
540 1365 588 1419 135
598 1383 656 1433 sqq.

649 1450 694 1505 hic
712 1450 784 1506 elavi
803 1449 888 1504 bonis.

253 1536 364 1605 ingrata
381 1539 464 1605 atqua
483 1536 562 1591 irrita
580 1553 635 1592 esse
654 1536 749 1591 omnia
766 1536 906 1606 intellego,

253 1640 323 1692 quae
340 1624 403 1678 dadi
421 1628 449 1678 et
468 1624 542 1693 quod
561 1625 630 1679 bene
648 1624 708 1693 feci,
728 1627 758 1678 at
774 1625 890 1694 posthac
907 1623 961 1678 tibi

253 1711 327 1772 male,
344 1711 416 1779 quod
437 1715 532 1780 potero
551 1711 648 1772 facere,
667 1710 767 1765 faciam
787 1710 940 1778 meritoque
962 1709 990 1763 id
1006 1711 1107 1765 faciam
1126 1714 1183 1766 tuo.

209 1847 213 1853 .
256 1814 308 1865 ego
327 1799 373 1867 pol
390 1802 418 1852 te
436 1798 558 1867 redigam
577 1798 683 1865 eodem,
701 1797 773 1851 unde
792 1800 854 1850 orta
872 1815 908 1856 es,
927 1797 961 1850 ad
980 1797 1110 1865 egestatis
1129 1797 1267 1852 terminos.

146 1903 260 1984 Neque
294 1923 369 1966 vero
401 1904 513 1966 melius
547 1901 687 1984 Cynthia
720 1901 888 1983 Propertio
927 1902 1075 1965 meritam
1112 1901 1320 1984 debitamque

149 2004 287 2083 gratiam
310 2003 413 2080 refert,
434 2023 509 2066 nam
533 2003 585 2066 hic
608 2003 684 2065 dicit
706 2003 777 2079 118,
800 2003 833 2064 ll
856 2021 903 2083 sq.

343 2118 458 2155 munera
475 2104 581 2170 quanta
600 2100 664 2155 dadi
683 2102 724 2154 vel
743 2101 837 2170 qualia
855 2099 981 2166 carmina=
996 2099 1068 2153 feci!

403 2188 452 2242 illa
469 2192 563 2243 tamen
583 2206 734 2256 numquam
753 2189 841 2243 ferrea
859 2187 930 2241 dixit
946 2181 1047 2241 ‘amo'.·

148 2295 187 2357 Et
211 2293 343 2357 Ovidius
365 2293 479 2358 suadet
499 2292 612 2357 infelici
636 2295 772 2358 amatori
794 2293 912 2358 remed.
937 2293 994 2358 301
1015 2311 1084 2374 sqq.
1140 2306 1142 2308 ·

344 2409 424 2462 saepe
443 2392 514 2447 refer
532 2396 621 2446 tecum
642 2393 789 2447 sceleratae
807 2393 882 2446 facta
901 2391 1008 2460 puellae

405 2482 434 2534 et
452 2497 524 2549 pone
543 2483 608 2534 ante
626 2479 716 2533 oculos
734 2479 827 2533 omnia
844 2479 946 2534 damna
963 2481 1039 2532 tuos:

344 2562 419 2619 ‘illud
438 2569 466 2620 et
484 2565 551 2618 illud
570 2565 655 2620 habet
673 2583 723 2620 nec
741 2582 773 2620 ea
793 2568 923 2621 contenta
941 2563 1079 2634 rapinast;

405 2651 455 2705 sub
472 2651 585 2705 titulum
605 2657 710 2707 nostros
729 2651 805 2706 misit
820 2669 905 2707 avara
922 2651 1016 2713 Lares;

344 2738 382 2790 sic
402 2737 472 2790 mihi
490 2738 602 2800 iuravit,
621 2739 719 2792 sicma
738 2739 830 2793 iurata
847 2737 953 2805 fefellit,

405 2828 469 2879 ante
488 2843 549 2878 suas
568 2824 694 2892 quotiens
712 2843 792 2895 passa
808 2826 896 2879 iacere
914 2823 993 2885 fores,

343 2909 437 2980 diligit
454 2911 514 2981 ipsa
533 2911 608 2979 alios,
627 2930 643 2965 a
661 2929 705 2965 me
723 2912 830 2965 fastidit
848 2909 949 2965 amari:

395 2998 513 3066 institor,
532 2998 597 3053 heu!
609 3001 710 3068 noctes,
726 3016 793 3067 quas
803 2997 872 3051 mihi
882 3013 938 3051 non
948 2996 1004 3059 dat,
1015 2989 1124 3048 habctl'

147 3103 340 3167 Diniarchus
362 3123 458 3184 porro
480 3108 592 3166 narrat
613 3103 645 3166 in
667 3103 772 3167 Plauti
793 3102 988 3166 Truculento
1011 3102 1051 3164 79
1065 3119 1135 3182 sqq.

295 3218 360 3255 nam
379 3219 424 3256 me
441 3201 523 3255 fuisse
543 3202 605 3255 hnic
624 3202 713 3256 fatcor
730 3219 867 3255 summum
884 3204 967 3269 atque
986 3197 1125 3260 intimum,

294 3288 366 3356 quod
385 3287 504 3342 amantis
523 3288 609 3341 mullo
629 3288 775 3356 pessimum
795 3291 835 3342 est
853 3286 999 3356 pecuniaa;

293 3373 389 3427 eadem
408 3378 552 3442 postquam
572 3373 657 3428 alium
676 3374 807 3444 repperit,
826 3374 874 3443 qui
891 3375 952 3444 plus
969 3373 1056 3436 daret,

294 3459 503 3522 damnosiorem,
522 3463 538 3525 †
556 3460 625 3513 mihi
643 3459 741 3514 exinde
757 3460 884 3514 immovit
902 3461 970 3515 loco

148 3563 238 3641 Quae
261 3566 369 3629 omnia
394 3566 457 3629 fere
486 3566 531 3628 ila
554 3566 673 3646 profert
702 3565 855 3646 spoliatus
885 3570 1010 3629 amator
1032 3563 1065 3626 in
1087 3559 1218 3625 Luciani
1241 3557 1315 3622 dial.

147 3683 224 3727 mer.
248 3664 318 3727 XIV
344 3666 358 3728 1
391 3668 450 3726 νῦν
479 3688 520 3742 με
549 3663 749 3741 ἀποκλείεις,
784 3654 1009 3744 οῗΜορτοίλη,
1041 3666 1114 3738 νῦν,
1138 3656 1194 3722 ὅτε
1218 3664 1317 3737 πένης

147 3760 305 3844 ἐγενόμην
328 3763 383 3826 drot*
407 3772 460 3842 σε’,
493 3760 550 3825 ὅτε
572 3763 611 3824 δέ
632 3781 684 3826 σοι
705 3764 748 3824 τοί
778 3765 923 3826 τοσαῦτα
953 3758 1117 3840 ἐκόμιζον,
1147 3756 1315 3836 ἐρώμενος,

147 3863 240 3946 ἁνήρ,
263 3861 438 3946 δεσπότης,
463 3864 560 3924 πάντ’
581 3853 620 3948 ἦν
644 3860 720 3943 ἐγώ·
746 3865 818 3924 ἐπεὶ
842 3863 871 3924 δ)
891 3862 954 3941 ἐγώ,
968 3867 1028 3940 μὲν
1045 3849 1121 3930 αὖος
1142 3854 1205 3939 ἤδη
1228 3856 1314 3932 α’κρι-

146 3968 221 4044 βὼς,
245 3964 286 4028 σύ
310 3965 347 4026 δὲ
368 3966 427 4027 τοι·
442 3966 593 4027 Brflvrdr
616 3966 759 4042 ἔμποροι·
777 3960 910 4044 εὕρηκας
926 3956 1076 4042 ἐραστήν,
1098 3956 1315 4032 ἀποκλείομαι

146 4069 208 4142 μὲν
242 4065 302 4144 a'yci
341 4065 394 4127 καί
427 4066 491 4144 repo*
532 4067 598 4125 τῶν
633 4066 746 4141 θυρῶν
778 4064 898 4143 ἕστηκα
931 4056 1080 4137 δακρύων
1112 4077 1177 4138 eqS.
1232 4053 1312 4118 Cum

147 4165 308 4229 Lucianus
341 4164 514 4228 certissime
547 4183 612 4227 non
646 4182 684 4226 ex
717 4162 849 4236 Plauto,
882 4161 938 4224 sed
967 4180 1006 4222 ex
1040 4157 1169 4221 comicis
1202 4153 1314 4219 Atticis

1117 4263 1133 4316 5
