2946 4734
699 184 742 250 47

149 370 223 426 τοῦ
244 360 436 442 θεάτρου
466 357 701 423 ἐκτέταται.
745 354 822 422 Huc
842 357 1044 423 trahendum
1067 357 1171 424 etiam
1194 358 1294 425 schol.

150 464 434 532 nomentan
465 462 563 529 modo
595 463 811 550 exscriptum.
866 462 995 544 Quibus
1029 461 1163 528 scholiis
1195 462 1298 527 omni·

150 571 212 635 bus
242 569 419 656 exquisitis
435 567 459 652 ¹)
482 566 703 654 comperimus
727 570 763 633 et
784 589 851 653 qua
883 567 1017 632 ratione
1040 569 1143 653 poeta
1174 567 1297 633 debeat

150 674 276 760 eligere
318 695 478 761 personas
516 675 753 758 argumentum
791 672 1005 758 exposituras
1050 674 1086 738 et
1132 670 1296 758 quomodo

150 779 272 859 debeat
304 779 365 845 has
380 837 381 840 ,
399 800 561 865 personas
590 777 687 863 quasi
717 797 939 863 praeparare,
972 781 1012 842 ut
1047 776 1297 864 quamoptime

149 884 212 951 hoc
243 884 353 951 officio
376 883 574 969 fungantur.
620 881 678 947 Ad
704 903 923 967 personarum
957 881 1045 947 enim
1067 903 1176 948 mores
1200 903 1298 969 prae-

150 991 245 1077 cipue
277 993 431 1077 spectare
460 987 546 1054 hanc
568 991 691 1075 poetae
723 987 808 1052 artis
839 990 973 1072 partem
995 988 1161 1072 probatur
1184 986 1297 1072 impri-

149 1095 211 1160 mis
235 1093 336 1160 schol.
362 1093 475 1159 Prom.
501 1092 573 1174 193,
609 1092 666 1157 ubi
688 1091 827 1178 insuper
854 1091 930 1176 ipsa
952 1114 1019 1157 vox
1053 1087 1138 1174 ἦθος
1172 1095 1296 1171 exstat,

150 1221 249 1285 quam
282 1198 408 1265 iterum
442 1189 630 1264 invenimus
669 1195 770 1262 schol.
806 1196 859 1261 El.
891 1196 945 1262 86.
1005 1195 1054 1263 Et
1088 1195 1298 1282 disciplinam

149 1303 284 1390 quidem
321 1304 361 1369 de
397 1302 450 1368 his
488 1303 589 1368 rebus
628 1301 802 1367 exstitisse
840 1301 958 1366 statim
997 1300 1061 1367 tibi
1107 1287 1129 1366 e
1164 1298 1298 1366 scholiis

150 1408 365 1474 manifestum
395 1408 523 1473 factum
557 1406 644 1487 erit,
672 1427 771 1493 quam
795 1405 928 1473 Graeca
960 1410 996 1471 et
1018 1405 1144 1472 Latina
1172 1404 1300 1471 scholia

149 1513 247 1580 iuxta
284 1534 365 1600 prae
401 1535 436 1578 se
472 1512 598 1578 ferant.
643 1511 721 1578 Scil.
760 1510 836 1576 aliis
879 1511 1010 1576 omissis
1048 1509 1298 1578 animadvertas

150 1640 272 1705 quaeso
308 1617 471 1684 vocabula
504 1617 605 1683 valde
638 1617 780 1704 propria
811 1615 957 1682 ieiune
991 1615 1044 1682 ad
1076 1638 1299 1701 argumen-

149 1735 238 1790 tum
274 1723 427 1789 venire
461 1722 517 1788 vel
545 1721 658 1787 nuda
687 1724 884 1809 apparet
907 1723 1118 1797 σύνθεσις
1141 1744 1300 1787 comoe-

151 1828 248 1894 diae
281 1831 318 1894 et
351 1839 521 1912 ψυχρῶς
551 1835 603 1912 τῷ
634 1826 801 1912 θεάτρῳ
824 1825 1239 1909 προσδιαλέγεσθαι,
1264 1833 1301 1891 et

150 1932 279 1998 videbis
296 1931 525 1998 translatione
542 1935 577 1996 et
593 1929 783 2016 ecquidem
803 1929 978 2015 eleganter
1001 1934 1037 1997 et
1059 1935 1140 2017 apte
1156 1931 1265 1996 electa
1275 1930 1299 2016 2)

150 2059 226 2102 usos
263 2058 335 2103 esse
366 2036 605 2122 grammaticos
639 2034 682 2100 ad
717 2034 928 2122 disciplinam
962 2057 1000 2102 eo
1035 2036 1162 2102 certius
1196 2034 1300 2122 signi-

149 2141 323 2207 ficandam.
368 2142 441 2207 Hae
472 2145 587 2206 autem
609 2139 856 2207 translationes
889 2143 925 2207 et
948 2140 1109 2226 imagines
1135 2139 1300 2207 Graecam

149 2268 222 2312 esse
252 2245 464 2333 disciplinam
494 2246 737 2312 demonstrant.
793 2245 861 2311 Sed
892 2245 932 2312 de
964 2245 1027 2312 hac
1056 2267 1094 2311 re
1127 2245 1179 2311 hic
1201 2247 1297 2312 nobis

148 2351 359 2437 longioribus
383 2372 456 2416 esse
480 2373 547 2416 non
568 2349 696 2437 licet3).

237 2455 390 2543 Denique
422 2455 483 2522 illa
513 2456 716 2522 scholiorum
746 2455 843 2542 copia
864 2456 1084 2543 proponenda
1112 2464 1180 2537 est,
1212 2479 1296 2542 quae

149 2565 202 2629 est
225 2561 267 2627 de
292 2560 482 2627 oeconomia
498 2559 615 2626 fabula
639 2560 673 2624 in
697 2581 817 2626 scaena
831 2561 1071 2647 progrediente
1094 2563 1129 2627 in
1144 2562 1298 2648 personis

241 2835 267 2898 1)
287 2830 478 2884 Necessarium
493 2836 584 2882 autem
605 2836 665 2882 erat
684 2828 718 2882 de
737 2828 858 2897 prologis
878 2829 983 2882 scholia
1001 2827 1081 2883 modo
1095 2835 1209 2891 enotata
1220 2832 1296 2897 prius

149 2919 240 2972 omnia
259 2919 394 2987 coniungi,
415 2935 495 2986 quam
515 2934 650 2987 apparere
670 2919 761 2986 potuit
778 2919 969 2986 grammaticos
989 2926 1065 2972 recte
1077 2919 1214 2973 monuisse
1232 2935 1296 2987 poe·

149 3016 206 3061 tam
224 3015 313 3062 artem
325 2994 512 3076 ‘personarum
531 3024 621 3061 mores
646 3008 807 3062 instituendi
836 3025 868 3062 ac
887 3008 1074 3077 praeparandi
1093 3010 1181 3077 ipsam
1200 3025 1232 3062 eo
1252 3008 1297 3063 de-

150 3105 312 3165 monstrare,
332 3105 362 3151 ut
381 3095 567 3166 οἰκονομικῶς
586 3114 635 3165 per
652 3099 797 3166 prologum
810 3107 960 3166 exponeret
973 3097 1086 3153 fabulae
1099 3106 1296 3167 argumentum.

149 3187 221 3240 Nam
239 3203 274 3241 ne
293 3204 375 3240 unum
395 3186 502 3254 quidem
523 3187 646 3241 scholion
659 3194 745 3241 totam
759 3188 870 3242 exhibet
886 3188 1057 3242 sententiam.
1087 3189 1146 3256 Qua
1160 3190 1297 3243 sententia

150 3276 260 3343 cognita
287 3276 369 3328 etiam
395 3278 478 3330 schol.
501 3275 571 3331 Med.
595 3281 607 3329 1
636 3272 793 3330 incessivere
817 3275 835 3343 ἡ
855 3275 965 3348 εἰσβολὴ
994 3277 1044 3332 διὰ
1072 3278 1102 3331 τὸ
1128 3281 1297 3345 παθητικῶς

151 3363 226 3432 ἄγαν
245 3360 319 3433 ἔχειν
338 3369 394 3418 κτλ.
413 3365 560 3433 aliquando
580 3367 680 3419 similia
700 3366 734 3419 de
753 3367 933 3434 expositionis
953 3374 1013 3421 arte
1034 3368 1198 3435 exhibuisse,
1226 3385 1296 3434 quae

150 3453 232 3508 hodie
251 3455 352 3509 amissa
371 3456 433 3521 sint,
454 3457 578 3509 conicies

241 3545 270 3612 2)
290 3544 332 3596 Ab
351 3545 460 3597 homine
479 3546 536 3598 scil.
557 3552 667 3612 sumpta
687 3551 729 3599 est
747 3546 902 3600 translatio.

241 3637 269 3699 3)
291 3633 331 3686 De
351 3634 503 3701 argumenti
522 3634 693 3702 expositione
708 3635 844 3688 sententia
857 3636 1008 3703 completur
1021 3637 1124 3690 scholio
1138 3636 1188 3689 Ph.
1204 3639 1296 3703 311.1,

152 3721 187 3776 cf.
204 3723 253 3777 Ph.
267 3725 311 3790 66,
331 3722 359 3775 in
379 3738 432 3788 quo
452 3729 528 3777 recte
547 3722 672 3778 distinxit
694 3724 844 3778 scholiasta
863 3740 904 3791 ea,
924 3741 994 3792 quae
1012 3723 1048 3778 ad
1067 3724 1189 3778 fabulam
1209 3726 1297 3792 ipsam

151 3811 180 3864 in
207 3827 308 3865 scaena
326 3809 459 3879 agendam
485 3812 642 3881 pertineant
671 3821 698 3867 et
727 3812 872 3883 diligenter
901 3830 918 3867 a
945 3820 1027 3881 poeta
1055 3812 1243 3881 componenda
1269 3819 1296 3867 et

152 3889 354 3968 spectatoribus
373 3907 405 3954 ut
422 3901 545 3955 fabulam
563 3902 725 3970 intellegant
750 3920 801 3971 per
819 3904 1015 3970 expositionem
1035 3901 1214 3970 proponenda
1233 3903 1295 3970 sint,

152 3991 186 4044 ab
199 3991 248 4059 eis,
269 4006 339 4058 quae
359 3990 535 4045 fundamento
556 3991 663 4059 quidem
683 3991 794 4047 fabulae
807 3992 930 4047 iaciendo
949 3994 1018 4058 usui,
1038 4008 1187 4061 progressu
1205 4000 1296 4046 autem

151 4087 277 4150 respecto
297 4080 399 4134 minimi
418 4081 547 4135 momenti
565 4082 628 4147 sint,
648 4082 688 4136 ita
707 4091 738 4135 ut
757 4099 806 4136 nec
825 4083 904 4136 nimis
917 4083 1044 4150 religiose
1064 4099 1096 4136 ea
1117 4088 1232 4150 aposta
1252 4099 1296 4136 ex-

152 4171 268 4239 cogitari
287 4186 338 4224 nec
356 4171 558 4239 spectatoribus
579 4171 657 4225 nimis
678 4173 768 4240 ample
793 4173 910 4240 proponi
937 4187 1046 4225 necesse
1072 4172 1115 4225 sit.
1156 4171 1209 4226 Sed
1228 4173 1296 4226 haec

152 4258 188 4314 ad
206 4259 415 4328 ethographiam
435 4276 490 4313 non
508 4261 656 4329 pertinent.
