2946 4734
700 265 744 330 43

148 444 262 506 tamen
285 438 336 505 sui
360 459 510 525 quaeque
525 438 642 505 iudicii
657 462 729 506 esse
747 462 892 526 persona
906 440 1074 506 videatur.
1106 439 1162 507 Sic
1177 461 1298 506 nomen
1329 497 1330 501 ,

147 549 270 631 poetae
293 543 494 611 oeconomici
516 544 657 611 meritus
680 545 750 611 erit
772 549 883 631 poeta.

235 649 349 716 Rebus
365 649 473 735 magis
497 649 712 736 generalibus
729 650 893 716 absolutis
917 651 1067 737 singulas
1082 650 1296 737 inspiciamus

147 775 187 820 ac
209 755 354 840 primum
377 776 586 841 quaeramus,
612 777 754 842 quonam
778 755 867 841 quod
889 754 933 822 ad
955 777 1115 841 personas
1146 755 1298 842 pertinet

148 858 245 924 modo
278 858 379 926 finem
410 859 616 926 destinatum
649 859 771 927 debeat
805 861 938 947 assequi
968 867 1080 946 poeta.
1126 860 1296 947 Imprimis

148 963 237 1030 enim
258 966 373 1030 certus
396 963 472 1030 finis
496 968 611 1031 exstat
634 964 780 1045 fabulae,
814 987 911 1051 quem
933 968 1036 1051 poeta
1059 963 1202 1030 comicus
1225 965 1297 1050 ipse

149 1069 213 1135 sibi
236 1070 371 1151 statuit,
395 1072 517 1158 poetae
540 1070 673 1155 tragico
697 1071 865 1154 ἡίστορία
888 1069 1049 1137 destinat.
1096 1069 1224 1151 Quare
1244 1091 1298 1135 re-

149 1180 266 1262 specta
299 1175 390 1242 inter
423 1174 550 1242 scholia
582 1176 714 1261 tragica
748 1175 813 1241 duo
841 1174 967 1241 scholia
990 1174 1187 1267 invenimus,
1213 1195 1298 1260 quae

147 1281 291 1347 maximo
308 1285 392 1347 sunt
409 1283 576 1346 momento
600 1280 644 1346 ad
658 1283 768 1346 totam
792 1284 900 1346 artem
924 1280 1144 1347 dramaticam
1167 1278 1296 1367 perspi·

148 1385 309 1467 ciendam,
334 1375 403 1452 scil
421 1385 545 1451 Phoen.
560 1385 664 1450 584¹
648 1409 685 1450 εν
700 1387 831 1477 τούτοις
848 1385 991 1492 Ἰοκάστη
1015 1383 1095 1452 οὐδὲ
1111 1386 1297 1469 συμβεβού-

149 1498 246 1557 λευκε
260 1504 331 1568 τοῖς
346 1490 439 1557 παισί
456 1489 670 1577 κοινωφελλς,
687 1491 769 1556 ἀλλὰ
782 1501 828 1578 τῷ
839 1490 901 1575 μὲν
918 1465 1021 1574 λέγει·
1036 1495 1085 1568 είς
1095 1516 1126 1557 τι
1122 1497 1298 1620 'pclotcpp‘p

148 1609 337 1695 τυραννεῖν,
368 1607 414 1684 τῷ
443 1595 500 1661 δὲ·
525 1598 573 1671 είς
601 1601 636 1661 τί
667 1602 831 1681 πολεμεῖς
849 1599 910 1680 τὴν
942 1600 1106 1683 πατρίδα
1130 1597 1230 1680 ἐχρῆν
1260 1594 1296 1660 δὲ

148 1711 248 1767 τοῦτο
277 1691 536 1786 συμβουλεῦσαι,
570 1701 786 1786 διελομένους
814 1703 853 1767 τὰ
869 1712 1013 1789 πατρῷα
1038 1702 1092 1769 καὶ
1115 1705 1176 1786 τὴν
1204 1707 1296 1786 βασι-

150 1810 244 1872 λείαν
267 1808 461 1873 παύσασθαι
478 1816 536 1890 τῆς
552 1808 774 1892 διχοστασίας,
800 1810 912 1891 ὥσπερ
935 1807 1126 1890 ὑπέστησαν
1142 1805 1174 1884 ἐξ
1196 1806 1298 1891 ἀρχῆς

149 1911 214 1976 ἀνὰ
235 1910 336 1995 μέρος
358 1913 489 1996 ἄρχειν·
513 1910 582 1977 καὶ
605 1913 680 1995 yolo
704 1911 772 1976 ἐπὶ
796 1922 847 1998 τῷ
871 1922 1023 1998 ποιητῇ
1047 1909 1096 1996 ἦν
1119 1921 1296 1994 ποιῆσαι

150 2017 307 2094 αὐτοὺς
336 2019 389 2100 μὴ
423 2018 733 2100 πειθομένους,
769 2017 879 2094 ὅπως
916 2019 964 2082 τὰ
995 2027 1067 2100 τῆς
1101 2018 1297 2098 ίστορίας

149 2123 255 2208 μένῃ
291 2122 471 2206 βέβαια·
510 2123 801 2209 εἵμαρταγδιρ
841 2122 999 2196 αὐτοὺς
1043 2123 1296 2205 ἀλληλοκτό-

149 2253 251 2305 νους
295 2226 561 2311 γενομένους
605 2229 705 2292 κατὰ
750 2229 820 2304 τας
869 2228 973 2310 ἄρδις
1017 2238 1092 2293 τοῦ
1138 2228 1297 2310 πατρὸς

149 2336 412 2400 ἀποθανεῖν.
437 2344 501 2399 νῦν
530 2333 565 2398 δὲ
597 2331 699 2399 οὐδὲν
729 2335 858 2399 τούτων
880 2339 1061 2418 πεποίηκεν
1085 2339 1120 2400 et
1144 2334 1196 2399 El.
1220 2335 1293 2416 445,

150 2463 215 2527 quo
230 2439 323 2506 locus
339 2437 541 2526 Sophocleus
559 2460 633 2503 oum
649 2438 829 2504 Homerico
845 2444 1061 2526 comparatur
1084 2448 1119 2506 et
1140 2443 1296 2505 monetur

150 2543 348 2632 Sophoclem
370 2543 554 2610 Homerum
585 2566 657 2610 esse
689 2547 857 2610 secutum:
893 2547 934 2610 οὐ
966 2547 1019 2609 δεῖ
1039 2543 1076 2609 δὲ
1106 2548 1295 2627 διαφωνίαν

150 2633 264 2717 δοκεῖν
277 2644 362 2716 εἶναι
378 2648 627 2734 πρὸςὍμηρον,
640 2649 714 2713 έπεί
725 2668 829 2733 φησιν
847 2650 974 2727 ἐκεῖνος
990 2650 1023 2735 (δ
1039 2650 1125 2735 535),
1137 2652 1297 2733 ,δειπνίσ-

150 2774 211 2832 σας
233 2757 278 2841 dp
299 2779 349 2831 τις
370 2778 404 2819 τε
427 2754 602 2819 κατέκτανε
625 2758 711 2837 βοῦν
743 2752 796 2818 ἐπὶ
823 2756 953 2840 φοίτνῃῆ
986 2757 1107 2838 ἤρκει
1140 2758 1216 2838 γὰρ
1249 2757 1295 2821 τὰ

151 2861 226 2925 ὅλα
249 2859 501 2944 συμφωνεῖν
530 2862 583 2944 τῷ
613 2861 849 2943 πράγματι·
873 2862 920 2924 τὰ
942 2863 1018 2942 γὰρ
1042 2862 1144 2925 κατὰ
1167 2859 1296 2942 μέρος

151 2967 354 3044 ἐξουσίαν
386 2967 473 3049 ἔχει
508 2964 686 3042 ἕκαστος
709 2967 761 3042 ὡς
793 2967 999 3049 βούλεται
1031 2968 1296 3048 πραγματεύ-

151 3078 328 3154 σασθαι,
351 3073 389 3135 εί
409 3072 461 3153 μὴ
484 3073 529 3135 τὸ
552 3080 633 3135 πᾶν
655 3073 820 3156 βλάπτῃ
843 3082 915 3154 τῆς
936 3070 1198 3152 ὑποδέσεως,
1221 3093 1295 3136 cum

152 3177 271 3264 quibus
294 3176 442 3243 conferri
471 3179 587 3264 potest
610 3176 758 3242 Euanth.
784 3177 824 3242 de
840 3177 908 3241 fab.
924 3176 1012 3243 IV?
1037 3176 1139 3258 ,inter
1161 3180 1295 3262 tragoe-

151 3283 239 3349 diam
273 3288 386 3349 autem
419 3285 455 3347 et
477 3282 681 3348 comoediam
712 3305 785 3348 oum
816 3281 925 3347 multa
948 3283 1019 3346 tum
1049 3281 1212 3367 imprimis
1235 3280 1297 3347 hoc

152 3389 267 3470 distat,
314 3388 402 3474 quod
520 3389 654 3453 omnis
699 3387 919 3453 comoedia
963 3386 1011 3452 de
1056 3386 1184 3452 fictis
1230 3392 1297 3453 est

151 3492 440 3579 argumentiS‚
473 3492 710 3578 tragoedia
743 3515 871 3578 saepe
904 3492 951 3557 de
980 3490 1175 3558 historia
1205 3492 1295 3558 fide

151 3598 345 3686 petitur‘.
392 3598 448 3663 Ad
478 3597 577 3664 finem
607 3598 715 3683 igitur
738 3620 759 3663 a
782 3597 927 3663 historie
950 3597 1155 3663 destinatum
1180 3597 1296 3683 utique

151 3704 330 3792 pervenire
352 3703 453 3770 debet
475 3708 578 3790 poete
600 3704 763 3788 tragicus.
804 3704 908 3785 Quem
933 3703 1115 3788 respiciens
1137 3725 1295 3789 persona·

152 3831 226 3873 rum
242 3829 349 3874 mores
368 3806 420 3873 ita
441 3807 621 3873 instituere
645 3808 754 3888 debet,
779 3812 819 3873 ut
835 3810 993 3874 enatura
1016 3830 1237 3894 personarum
1261 3808 1296 3873 id

152 3914 279 3979 factum
307 3911 371 3977 fiat
392 3913 448 3978 vel
476 3911 552 3976 fieri
575 3912 743 3993 videatur,
777 3913 865 3999 quod
888 3915 984 4000 quasi
1006 3917 1048 3980 ab
1072 3914 1213 3979 historia
1237 3913 1296 3977 im-

152 4017 299 4104 positum
321 4019 374 4082 est
403 4021 535 4104 poetae.
583 4017 727 4104 Operam
761 4040 840 4083 sane
863 4018 925 4085 hac
951 4021 987 4085 in
1011 4019 1153 4086 redere
1186 4018 1296 4100 debet,

152 4129 191 4188 ut
213 4143 378 4210 personae
400 4123 470 4189 sint
492 4124 567 4190 veri
589 4123 748 4205 homines
781 4124 821 4189 de
848 4148 912 4211 qua
935 4125 1010 4211 lege
1042 4127 1132 4192 infra
1155 4125 1296 4212 amplius

153 4226 392 4324 disputandum
424 4229 500 4295 erit.
547 4229 672 4294 Tamen
696 4229 786 4315 quod
809 4231 852 4296 ad
876 4231 1026 4317 singulas
1059 4255 1112 4298 res
1136 4232 1295 4319 pertinet,
