2946 4734
718 227 758 295 fb

148 414 273 481 tristitia
288 431 399 477 eorum
422 412 475 495 qui
497 411 642 475 aderant.
676 411 827 476 Venimus
849 411 889 476 ad
910 410 1132 491 gravissimum
1155 415 1318 500 solacium,

148 513 504 594 immortalitatem
527 512 689 576 animae
716 515 748 575 et
776 531 865 594 spem
887 512 971 576 ritae
991 518 1062 595 post
1083 521 1220 581 mortem
1241 519 1318 584 bea·

148 621 211 681 tae.
254 615 338 679 Inter
359 617 470 695 poetas
491 631 620 692 graecos
641 612 798 676 Pindarus
819 613 942 694 primus
972 613 1032 678 hoc
1051 617 1198 696 praebuit
1222 638 1318 700 argu·

149 719 304 793 mentum,
327 714 413 796 qnod
437 713 522 776 unde
541 713 706 792 acceperit,
726 711 808 775 intra
830 713 985 776 tractabo,

229 816 322 880 Nunc
343 833 419 878 vero
441 811 583 876 conabor
604 831 643 875 ex
664 812 863 894 antiquitatis
877 812 1071 878 carminibus
1085 815 1270 882 funebribus
1286 822 1318 882 et

150 915 367 985 consolatoriis
392 913 576 992 florilegium
606 911 698 993 quasi
729 931 913 994 excerpere,
948 915 1037 996 quod
1064 916 1317 981 distribuendum

152 1020 211 1084 erit
232 1023 263 1082 et
283 1015 434 1097 temporis
456 1017 487 1076 et
509 1015 772 1092 argumentorum
794 1013 915 1077 ratione
937 1015 1088 1079 adhibita.
1132 1017 1202 1080 Hac
1228 1017 1260 1080 in
1284 1037 1317 1080 re

151 1119 270 1184 iuvabit
292 1115 453 1179 brevitatis
476 1131 571 1176 causa
603 1111 727 1193 singula
758 1117 948 1194 argumenta
971 1116 1110 1178 numeris
1139 1116 1317 1197 significare

151 1213 219 1285 hoc
232 1220 296 1283 fere
316 1215 430 1280 modo:

440 1335 507 1395 arg.
530 1314 552 1378 l.
627 1313 780 1396 patientia
802 1316 833 1376 et
854 1314 1043 1378 constantia.

437 1435 502 1496 arg.
525 1414 560 1478 ll.
624 1414 799 1479 consolatio
821 1433 878 1495 per
898 1415 1055 1497 exempla.

440 1535 506 1596 arg.
529 1514 578 1578 lll.
623 1535 710 1579 mors
731 1514 818 1578 mala
840 1514 941 1579 solvit.

440 1635 506 1696 arg.
528 1614 576 1677 lV.
627 1615 799 1678 memoriae
821 1614 927 1679 decus

442 1734 508 1795 arg.
530 1715 565 1780 V.
628 1715 775 1778 funerum
797 1715 1043 1796 magnificentia.
1135 1729 1138 1735 '

439 1834 507 1895 arg.
530 1815 578 1878 Vl.
628 1814 858 1880 immortalitas

155 1935 214 2001 Sed
237 1937 267 1998 in
290 1934 440 2014 tlorilegio
468 1933 665 2015 excerpendo
693 1952 751 1996 nos
780 1931 842 1996 iam
868 1935 1036 1998 antecessit
1064 1934 1144 1999 alius
1172 1937 1314 2019 scriptor,

153 2033 316 2112 Stobaeus
347 2054 441 2116 quern
472 2033 643 2114 praeterire
673 2052 739 2096 non
767 2032 847 2098 licet.
890 2033 1004 2100 Paucis
1027 2036 1129 2100 verbis
1150 2037 1245 2118 igitur
1275 2039 1314 2101 de

154 2153 189 2198 eo
211 2134 243 2197 id
261 2133 391 2198 atteram
415 2133 500 2215 quod
522 2133 658 2214 pertinet
680 2133 720 2197 ad
742 2137 885 2199 nostram
908 2137 1137 2217 quaestionem.

568 2457 603 2523 C.
634 2458 687 2522 De
709 2458 897 2523 Stobaeo.

234 2596 393 2674 Quoniam
423 2594 540 2675 lyricae
568 2592 642 2655 artis
673 2611 757 2675 quae
785 2593 899 2657 dicitur
920 2593 1112 2660 Graecorum
1144 2597 1316 2678 particulae

152 2696 278 2758 tantum
301 2697 332 2757 et
347 2694 438 2774 quasi
455 2691 634 2771 fragmenta
653 2691 744 2754 nobis
758 2696 833 2754 sunt
850 2693 976 2770 tradita,
1000 2695 1117 2758 cumin
1133 2695 1200 2758 aliis
1221 2696 1317 2759 rebus

150 2798 216 2858 tum
247 2795 276 2857 in
310 2797 417 2856 nostra
441 2794 628 2874 quaestione
654 2810 792 2873 magnae
822 2793 965 2857 utilitatis
993 2798 1067 2858 sunt
1097 2796 1315 2859 commentarii

150 2894 191 2957 illi
213 2893 401 2968 electorum,
431 2912 512 2974 quos
542 2893 654 2974 quinto
681 2894 751 2972 post
772 2889 929 2955 Christum
960 2896 1071 2957 natum
1100 2895 1226 2959 saeculo
1252 2894 1269 2959 J
1276 2914 1316 2957 o·

150 2994 304 3058 hannes
326 2992 532 3056 Stobaeus
560 2991 694 3055 Macedo
726 2992 867 3072 undique
904 3012 942 3055 ex
977 2994 1158 3057 auctoribus
1196 2993 1317 3073 graecis

147 3112 274 3158 summa
303 3112 374 3156 curn
407 3092 569 3173 diligentia
600 3093 641 3155 ad
664 3091 805 3172 Septimii
830 3090 883 3153 filii
914 3092 1122 3156 eruditionem
1151 3094 1315 3175 excerpsit.

148 3193 220 3271 Quo
249 3194 333 3257 tacto
362 3193 523 3273 permulta
552 3196 697 3255 veterum
723 3190 915 3254 Graecorum
953 3211 1051 3273 opera
1080 3193 1157 3256 alias
1192 3193 1317 3274 perdita

149 3293 304 3374 excerptis
326 3297 357 3356 et
379 3292 563 3372 fragmentis
583 3291 674 3355 nobis
695 3294 770 3355 sunt
791 3293 920 3354 servata
930 3289 969 3374 1);
992 3311 1069 3356 nam
1084 3293 1240 3357 Stobaeus
1256 3293 1316 3356 sub

148 3391 244 3456 variis
265 3390 362 3454 titulis
383 3391 424 3454 de
445 3391 591 3454 omnibus
613 3391 698 3453 ritae
719 3390 881 3453 humanae
902 3389 997 3453 rebus
1028 3392 1075 3456 vel
1099 3391 1245 3456 secundis
1265 3391 1315 3455 rel

149 3490 290 3554 adversis
330 3494 472 3555 veterum
511 3489 701 3570 scriptorum
736 3489 868 3569 praebet
909 3491 1090 3554 sententias.
1139 3490 1232 3569 Quod
1274 3489 1316 3552 ad

148 3591 292 3652 nostram
316 3608 391 3651 vero
420 3591 542 3669 spectat
574 3588 805 3661 tractationem,
836 3587 900 3650 iere
932 3591 979 3651 est
1004 3588 1081 3652 hoc:
1118 3590 1164 3652 ad
1188 3608 1264 3669 arg.
1289 3589 1314 3652 l:

150 3686 270 3750 luctum
300 3687 378 3750 nihil
408 3687 532 3750 efficere
562 3686 640 3769 (tior.
669 3687 715 3750 tit.
737 3687 811 3766 aa„
851 3686 952 3749 tatum
980 3681 1099 3751 moveri
1127 3707 1192 3751 non
1223 3706 1316 3768 posse

151 3787 254 3869 (phys.
267 3785 334 3865 V.);
357 3805 407 3849 res
430 3786 580 3850 adversas
601 3785 723 3850 fortiter
744 3804 811 3847 esse
835 3785 1036 3849 sustinendas
1059 3784 1139 3867 (tior.
1162 3787 1207 3850 tit.
1230 3783 1314 3867 107);

153 3919 346 3928 *—

219 3969 246 4034 1)
273 3967 314 4022 De
333 3964 445 4020 Stobaei
469 3965 579 4034 scriptis
603 3965 757 4034 disputarit
775 3965 954 4020 Wuchsmut:
981 3966 1095 4020 Studien
1116 3966 1219 4019 auden
1244 3964 1316 4032 grie·

151 4051 277 4106 chirchen
296 4050 471 4120 Florilegien.
