2946 4734
627 433 831 495 ..43-

229 611 301 689 Sed,
323 631 365 675 ne
386 610 508 675 diutius
527 611 560 674 in
581 631 615 674 re
640 611 705 675 iam
728 609 825 692 plane
845 608 896 676 val
916 630 975 692 pro
997 610 1151 675 facultate
1172 609 1313 692 probata

145 717 178 777 te
204 713 362 790 demorer,
384 730 471 775 nunc
489 712 633 775 animum
650 712 802 777 advertas
820 709 863 785 ad
875 727 929 776 eos
944 715 1147 790 amantes,
1164 710 1316 793 quibus

146 815 269 878 Amor
306 831 450 877 amara
482 812 568 889 dat,
610 813 650 876 de
681 811 798 893 quibus
826 811 914 878 haud
950 831 1055 894 pauca
1086 811 1314 894 proferendum

147 914 251 978 video.
290 913 339 977 Ac
358 911 499 994 primum
515 912 644 993 quidem
664 931 802 986 amore
820 914 1034 995 tamqnam
1050 913 1170 994 gravi
1190 915 1316 994 atque

147 1012 384 1084 vehementi
408 1013 548 1076 morbo
570 1012 873 1093 adflictantur,
903 1011 1065 1096 adquam
1091 1012 1315 1096 depellendum

147 1136 189 1179 ne
210 1114 315 1179 unum*
337 1113 466 1195 quidem
489 1111 665 1178 remedium
686 1114 781 1179 valet.
823 1116 890 1180 lam
906 1115 1020 1179 iterum
1038 1134 1141 1197 usque
1161 1114 1202 1178 ad
1218 1113 1317 1194 tragi-

151 1236 206 1280 cos
227 1218 342 1298 poetas
363 1232 567 1279 recurramus
594 1218 737 1296 oportet,
767 1215 887 1297 quippe
915 1213 970 1297 qui
1001 1213 1241 1298 comparatione
1264 1212 1318 1276 illa

149 1317 269 1381 amoris
291 1335 363 1380 cum
387 1315 501 1378 morbo
524 1315 613 1379 haud
636 1335 710 1380 raro
731 1319 873 1393 utantur,
887 1315 910 1394 ¹)
943 1313 1031 1381 velut
1052 1315 1219 1396 Euripides
1239 1311 1319 1395 Hip·

150 1418 247 1500 polyt.
271 1417 331 1480 765
342 1436 388 1497 sq.

178 1531 187 1546 s
349 1513 430 1584 δεινᾷ
449 1515 554 1586 φρένας
571 1509 676 1585 Ἀφροδί
700 1545 726 1554 -

350 1619 399 1661 τας
417 1601 486 1672 νόσω
504 1602 690 1672 κατεκλάσθη.

186 1695 268 1762 frgm.
287 1694 346 1758 339,
367 1693 400 1748 N.
418 1713 445 1765 p.
464 1694 516 1748 462
608 1744 610 1748 Α

543 1781 590 1833 καί
608 1776 663 1850 γὰρ
682 1774 734 1833 οὖν
752 1782 920 1851 αὐθαίρετοι

350 1858 464 1941 βρωτσῖς
483 1867 582 1941 ἔρωτες
600 1861 664 1920 οὔδ’
684 1865 796 1925 ἑκουσία
815 1869 901 1927 νόσος.

349 1959 447 2009 σκαιόν
465 1973 492 2007 τι
511 1949 543 2025 δὴ
564 1948 594 2006 τὸ
609 1951 704 2025 χρῆμα
723 1954 876 2022 γίγνεσθαι
895 1954 980 2021 φιλεῖ,

351 2041 428 2096 θεῶν
446 2037 574 2111 ἀνάγκας
592 2034 666 2101 ὅστις
684 2039 783 2092 ἰᾶσθαι
802 2042 889 2094 θέλει.

154 2132 317 2215 Hippolyt.
329 2132 380 2208 40,
393 2131 463 2208 269,
476 2130 546 2207 279,
558 2129 629 2206 283,
642 2129 719 2204 73ος
742 2128 916 2210 Sophocles
926 2128 1043 2193 Trach.
1055 2129 1134 2206 4453
1153 2129 1324 2193 Phaedrae

155 2233 212 2315 frg.
236 2232 306 2309 619,
329 2252 360 2314 p.
382 2229 502 2295 211οΝ.

155 2335 338 2416 Sequuntur
378 2331 491 2396 comici
532 2334 663 2412 poetae,
702 2330 756 2411 qui
795 2329 908 2393 eodem
952 2330 1017 2393 fere
1051 2330 1148 2393 modo
1180 2348 1324 2393 amorem

156 2436 306 2499 morbum
328 2434 463 2498 vocant:

192 2539 290 2594 Eubnl.
308 2539 362 2608 frg.
380 2537 450 2605 67,8
463 2554 502 2605 sq.
521 2536 553 2590 K.
573 2537 596 2588 II
615 2553 641 2605 p.
662 2536 711 2590 187

357 2619 460 2696 καὶμὴ
477 2624 618 2693 λαθραίαν
639 2623 761 2693 Κύπριν,
781 2621 922 2693 αἰσχίστην
941 2624 1026 2676 νόσων

356 2710 459 2777 πασῶν,
479 2706 592 2764 διώκειν
610 2727 666 2778 eqo.

196 2798 285 2853 Plaut.
303 2798 410 2853 Onrcul.
429 2800 463 2852 49

358 2885 445 2939 malus
463 2885 647 2940 clandestinus
666 2886 708 2938 eet
725 2900 810 2954 amor,
829 2886 989 2941 damnumst
1008 2900 1124 2938 merum.

197 2971 304 3026 Terent.
325 2971 447 3025 Eunuch.
467 2973 518 3026 225
901 2974 903 2977 ’

361 3057 389 3110 di
407 3057 482 3126 boni,
500 3057 567 3126 quid
584 3058 636 3112 hoc
653 3057 785 3112 morbist?
813 3057 901 3112 adeon
920 3055 1044 3110 homines
1063 3054 1236 3110 immutarier

362 3162 396 3199 ex
413 3161 514 3208 amore,
534 3147 638 3198 utnon
657 3160 803 3214 cognoscas
820 3144 936 3199 eundem
955 3159 1020 3197 esee.

165 3228 212 3292 Cf.
235 3228 339 3293 Plaut.
361 3231 423 3295 Mil.
449 3231 538 3309 1272,
561 3232 689 3295 Terent.
713 3230 828 3296 Heaut.
854 3233 922 3308 100,
945 3230 1046 3294 Andr.
1075 3228 1142 3293 193.
1167 3276 1169 3280 ι

167 3326 286 3390 Similia
310 3328 426 3394 deinde
457 3331 638 3412 frequenter
668 3331 755 3413 apud
779 3331 910 3395 Latinos
932 3335 963 3395 et
985 3330 1124 3393 Graecos
1147 3326 1339 3407 Alexandri-

167 3447 282 3491 norum
309 3429 487 3494 imitatores
508 3431 731 3496 inveniuntur:

204 3527 305 3616 Catulli.
324 3527 434 3584 LXXVI
451 3532 484 3584 25

365 3617 423 3686 ipse
441 3617 530 3671 valere
550 3619 616 3685 opto
636 3620 665 3671 et
683 3618 805 3671 taetrum
824 3615 897 3667 hunc
916 3613 1050 3683 deponere
1069 3611 1202 3666 morbum.

211 3704 311 3758 Tibull.
328 3704 354 3756 II
373 3706 398 3772 5,
412 3704 462 3758 109
471 3721 510 3772 sq.

657 3803 732 3841 1aceo
750 3803 812 3840 cunr
831 3802 937 3839 saucius
957 3800 1059 3838 annum

468 3879 496 3930 et
516 3875 596 3929 faveo
617 3873 800 3935 morborum
819 3872 898 3925 iuvat
916 3871 974 3939 ipse
991 3869 1075 3923 dolor.

205 3965 285 4018 Ovid.
306 3962 407 4016 remed.
426 3962 458 4015 81

376 4049 510 4119 opprime,
529 4047 595 4100 dum
615 4062 687 4098 nova
705 4045 777 4104 eunt,
796 4039 880 4094 subiti
898 4038 972 4092 mala
989 4036 1095 4090 semina
1112 4033 1208 4089 morbi.

175 4174 370 4181 ——-.-——--—

248 4250 274 4319 1)
296 4250 336 4303 cf.
356 4247 522 4314 Kalkmann,
541 4246 579 4299 De
597 4241 755 4314 Hippolytis
774 4239 935 4309 Euripideis,
954 4257 980 4306 p.
1000 4238 1098 4302 l2sqq.
