2946 4734
705 224 802 319 11¹

149 397 284 460 ἔννοιαν
306 392 535 481 quodcumque
559 393 651 477 dicit,
676 398 716 461 ut
738 416 846 481 neque
862 396 887 462 J
888 417 946 462 aso
968 418 1077 482 neque
1100 393 1160 460 alii
1182 415 1299 462 veram

149 499 354 566 sententiam
376 499 582 587 perspiciant
604 498 692 583 (901,
716 500 791 582 958,
816 499 924 586 1013).

123 609 124 612 ’
235 602 260 670 J
269 624 341 669 aso
373 605 428 669 est
455 605 571 680 ίίδικος
594 606 630 670 et
662 603 873 688 παραβέβηκε
903 608 983 681 τοὺς
1004 607 1131 688 νόμους
1147 604 1238 690 (538)
1262 606 1299 670 et
1405 654 1420 666 .

149 709 306 785 ψεύδεται
331 709 421 793 (527)
446 710 482 774 et
505 708 659 792 ἐμφαίνει
690 708 810 775 ἑαυτὸν
841 709 983 791 κέρδους
1012 709 1108 774 ἕνεκα
1133 759 1139 774 .
1164 758 1172 774 .
1195 731 1299 793 πραγ-

148 813 398 897 ματενσοίμενον
422 812 527 900 ἑαυτῷ
551 816 611 879 τὸν
634 814 743 898 γύμον
766 814 835 880 soil.
861 814 1010 883 Glaucae
1033 814 1137 899 (910).
1294 872 1296 877 .

235 917 287 985 De
311 917 502 986 Creonte
525 922 640 986 exstat
663 941 688 985 e.
705 920 779 1001 349,
804 919 845 986 de
867 919 1052 986 Nutrice
1076 943 1102 986 s.
1119 920 1161 986 57
1185 918 1228 984 cf.
1245 920 1299 985 56,

235 1023 431 1090 Phaedra
454 1025 516 1090 ούκ
539 1024 630 1089 ἐστιν
665 1024 858 1108 ἀκόλαστος,
895 1031 1019 1108 πληροῖ
1041 1023 1077 1090 δὲ
1101 1024 1300 1108 ’ίφροδίτης

148 1139 250 1212 μῆνιν
273 1128 412 1216 (ὑποθ.)
445 1151 548 1216 quare
572 1129 676 1196 etiam
701 1129 913 1212 ἀπολογεῖται
937 1131 982 1208 ὡς
1011 1132 1052 1196 ού
1078 1131 1160 1195 κατὰ
1192 1130 1298 1213 φύσιν

149 1231 320 1318 νοσήσασα
341 1236 401 1299 τὸν
424 1237 531 1315 ἔρωτα
550 1234 636 1320 (372,
661 1235 734 1317 387,
759 1236 833 1316 351,
858 1234 944 1321 347),
969 1234 1092 1322 qnippe
1115 1255 1201 1321 quae
1223 1234 1300 1323 ipsa

148 1337 261 1405 indole
283 1338 399 1426 potius
423 1338 622 1420 adducatur,
647 1342 688 1406 ut
706 1338 935 1427 philosophice
951 1340 987 1405 in
1002 1361 1117 1405 rerum
1139 1341 1299 1405 naturam

148 1443 301 1530 inquirat
340 1443 440 1530 (407).
505 1444 666 1528 ἐρωτικὴν
704 1445 813 1531 igitur
851 1447 1005 1528 πύρωσιν
1050 1445 1148 1531 quasi
1189 1443 1300 1510 invita

148 1551 306 1635 praestat
334 1551 371 1615 et
401 1553 537 1615 αἰτεῖται
568 1551 629 1634 τὴν
660 1554 863 1634 συγγνώμην
886 1551 931 1627 ὡς
953 1552 1159 1633 προγονικὸν
1186 1573 1299 1633 κεκτη·

149 1653 232 1737 μένη
247 1655 284 1719 τὸ
301 1654 412 1731 ποίθος
426 1652 482 1719 καί
499 1654 560 1721 οὐκ
577 1657 666 1732 ἰδίας
688 1656 823 1739 φύσεως
845 1655 1020 1739 ἁμάρτημα
1043 1657 1079 1723 et
1101 1655 1246 1740 ἐρυθριᾷ
1260 1657 1298 1721 τὸ

148 1759 258 1835 ποίθος
282 1757 424 1837 ἐξειπεῖν
447 1762 482 1825 et
505 1756 567 1826 hoc
587 1759 684 1826 modo
708 1760 848 1848 pulchre
877 1762 1045 1843 ὑποδηλοῖ
1071 1762 1108 1825 τὸ
1131 1762 1298 1843 αἰσχυντι-

147 1865 209 1929 κδν
247 1862 353 1951 ipsius
389 1868 536 1931 naturae
575 1868 611 1932 et
643 1865 797 1953 loquitur
835 1868 1086 1950 αἰνιγματωδῶς
1122 1865 1299 1941 ὑπἀἰδοῦς

149 1969 235 2054 (201,
259 1969 334 2051 215,
358 1970 432 2052 337,
456 1970 530 2050 345,
555 1971 627 2053 372,
653 1971 726 2053 347,
751 1972 826 2054 381,
856 1972 981 2052 ὑπόθ.)
1027 1970 1155 2036 Amore
1184 1973 1300 2036 tamen

148 2077 309 2160 superata
339 2079 490 2157 μαίνεται
514 2074 599 2160 (215,
624 2075 697 2157 240,
724 2075 799 2162 141)
822 2083 856 2142 et
885 2074 1083 2142 difficillime
1113 2073 1299 2159 πραύνεται

148 2178 386 2263 παραινέσεσιν
409 2181 454 2263 με)
478 2179 710 2259 ἐνατενίζονσα
735 2181 834 2267 (300),
858 2173 1031 2267 postremo
1054 2182 1168 2247 autem
1191 2179 1300 2247 nutri·

148 2284 195 2350 cis
220 2288 426 2367 σοφίσμασιν
442 2284 600 2367 ἀπείρηκε
616 2285 715 2371 (499).
746 2285 878 2352 Deinde
901 2289 1015 2353 autem
1037 2286 1154 2352 dolore
1172 2286 1297 2354 amoris

147 2388 275 2477 repulsi
297 2389 589 2456 vehementissime
612 2393 779 2456 commota
805 2413 873 2457 non
895 2390 1133 2458 reconciliatur
1154 2389 1296 2456 nutricis

147 2495 271 2574 verbis,
296 2494 350 2560 cui
371 2494 472 2561 valde
496 2495 670 2578 ὀργίζεται,
696 2517 758 2561 nec
780 2518 879 2562 aures
903 2495 964 2561 dat
986 2495 1086 2562 choro
1111 2497 1196 2580 (565,
1221 2496 1295 2577 569,

148 2599 221 2681 672,
246 2601 319 2682 702,
343 2599 430 2685 724).

234 2705 399 2771 Nutrix
422 2705 555 2771 omnino
579 2706 745 2790 παχυτέρα
768 2709 827 2772 τὸν
849 2716 936 2772 νοῦν
952 2710 1004 2771 est
1025 2728 1123 2791 quam
1139 2705 1298 2771 Phaedra

149 2809 242 2891 (345,Ι
258 2810 355 2893 347),
379 2812 424 2893 μα)
445 2812 632 2893 δυνηθεῖσα
655 2809 830 2877 Phaedrae
854 2821 1033 2893 σοφισμοῖς
1049 2810 1295 2892 περιγενέσθαι,

148 2914 308 2998 δευτέραν
342 2918 521 2997 εἰσηγεῖται
557 2917 695 2999 γνώμην
719 2916 808 3001 (507)
840 2918 876 2982 et
911 2914 981 2980 ἐπεὶ
1015 2911 1105 2980 εἶδεν
1143 2916 1296 2999 Φαίδραν

148 3021 231 3102 πρὸς
253 3020 314 3102 τὴν
344 3019 529 3103 ἀπολογίαν
553 3021 851 3104 δυσχεραίνουσαν,
884 3020 1042 3102 ὁμολογεῖ
1062 3021 1100 3084 τὸ
1123 3017 1297 3101 ἁμάρτημα

148 3122 246 3209 (704),
267 3123 402 3211 ¹quippe
435 3147 522 3211 quae
545 3125 677 3189 omnino
702 3125 749 3190 sit
772 3124 953 3209 ἀδολέσχης
977 3123 1077 3209 (601).
1123 3122 1178 3190 Sic
1200 3145 1298 3209 prae·

149 3227 244 3314 cipue
267 3231 305 3295 τὸ
328 3242 395 3294 τῶν
418 3242 531 3313 γραῶν
555 3232 765 3313 παλίμβολον
787 3231 952 3316 praestat,
977 3250 1062 3315 quae
1084 3228 1150 3294 etsi
1165 3232 1296 3312 πρόεισι

148 3337 298 3420 κατηφὴς
332 3335 440 3413 mod0‚
474 3340 587 3401 tamen
612 3335 730 3401 statim
752 3337 885 3400 mutata
919 3334 956 3399 ἐν
981 3335 1064 3418 ὀργῇ
1096 3333 1184 3415 λέγει
1209 3334 1295 3419 (433,

148 3440 221 3520 680,
261 3439 384 3527 7011)),
424 3444 459 3506 et
491 3440 588 3506 modo
619 3442 803 3521 κολακεύει,
840 3438 938 3505 modo
963 3450 1153 3522 κνηστικοῖς
1185 3442 1299 3521 λόγοις

150 3544 289 3627 ἐρεθίζω
322 3548 358 3611 et
390 3548 541 3610 δυσωπεῖ
561 3546 648 3630 (304,
673 3545 746 3625 307,
772 3545 845 3625 309,
869 3545 956 3628 456).
1004 3542 1071 3609 Sed
1099 3564 1298 3630 quamquam

147 3648 318 3716 interdum
341 3672 445 3736 opera
473 3650 598 3716 fessam
628 3648 702 3735 agit
735 3649 835 3733 (177),
865 3653 980 3714 tamen
1016 3650 1076 3731 τὴν
1106 3649 1297 3730 ὑπερβολὴν

148 3765 205 3837 τῆς
228 3758 378 3838 σπουδῆς
401 3756 554 3839 ἐμφαίνει
579 3755 666 3841 (271)
691 3757 726 3819 et
749 3754 785 3819 ἐκ
807 3764 867 3818 τοῦ
890 3758 1076 3818 καθολικοῦ
1103 3754 1237 3827 πάθους
1260 3756 1297 3816 τὸ

150 3862 238 3925 ἰδιον
261 3859 419 3947 δυσχερὲς
442 3862 662 3942 θεραπεύεται
685 3860 739 3924 καί
764 3869 809 3945 τῷ
832 3859 1047 3944 ἁπλουστέρφ
1073 3859 1209 3940 ὀνόματι
1238 3867 1297 3921 τοῦ

149 3968 271 4049 ἔρωτος
303 3968 461 4030 καλύπτει
496 3968 532 4030 τὸ
555 3968 693 4050 αἰσχρὸν
717 3965 818 4050 (441),
852 3964 1032 4045 θεραπεύει
1061 3964 1122 4045 την
1146 3963 1297 4036 ὑποψίαν

149 4081 206 4155 της
247 4074 462 4155 αἰσχρότητος
502 4074 550 4146 εἰς
578 4069 754 4152 θειοτέραν
790 4069 938 4151 ἀνάγκην
970 4070 1007 4131 τὸ
1049 4066 1209 4131 ἀκούσιον
1241 4074 1298 4147 της

153 4177 288 4259 γνώμης
320 4175 536 4260 ἀναφέρουσα
570 4177 657 4260 (475,
681 4174 767 4255 437),
802 4173 981 4238 ἀπολύεται
1015 4172 1070 4234 διὰ
1096 4179 1153 4252 τῆς
1184 4179 1299 4251 κοινῆς

190 4382 191 4385 ¹
238 4319 265 4383 1)
284 4316 369 4370 schol.
390 4315 494 4370 emend.
514 4316 623 4369 Wilam.
