2946 4734
759 283 963 346 -44-

268 461 366 540 Long.
389 464 510 542 pastor.
531 462 544 524 l
573 462 619 536 14,
641 461 654 523 l
680 461 739 523 νῦν
760 461 822 539 s’yoi
846 465 931 525 rocci
953 471 1023 541 μέν,
1046 463 1138 526 τίδὲ
1159 462 1179 545 ἦ
1205 460 1302 537 νόσος
1324 463 1431 544 α’γνοοῑ·

268 560 363 640 α’λγώ,
386 561 439 622 καὶ
462 561 549 632 ἕλκος
572 559 629 622 οὐκ
651 562 721 623 ἔστι
741 584 804 640 μοι.
838 565 962 645 Long.l
982 565 1064 642 18st
1086 554 1111 626 oi
1134 561 1237 627 νόσου
1259 567 1380 646 καινῆς,
1399 551 1431 647 ἧς

269 662 346 724 οὐδὲ
368 660 476 724 ιίπεΐν
498 661 573 724 οἴδα
595 656 750 741 τοῦνομα.
794 664 956 729 Heliodor.
969 665 1009 728 lV
1024 667 1105 744 λθ
1127 664 1165 729 ori
1187 665 1321 744 γάρκαὶ
1344 664 1431 726 ποιοῖ

267 760 443 845 γνώριμον,
473 763 551 843 sqq,
584 765 691 846 ψυχῆς
722 753 806 825 εἶναι
834 765 872 827 τὸ
902 763 1015 838 πάθος
1036 765 1090 828 καὶ
1120 766 1181 850 τήν
1210 765 1313 831 νόσον
1336 767 1431 845 ἔροιτο

268 860 447 944 larinate,-

352 970 435 1034 Huic
457 970 571 1034 morbo
592 975 740 1036 amentes
764 971 882 1035 frustra
904 971 1026 1037 mederi
1043 977 1210 1052 conantur,
1232 993 1333 1039 nemo
1355 974 1433 1039 euim

229 1061 232 1065 ’
269 1071 422 1135 auxilium
445 1073 526 1135 ferre
547 1075 652 1153 potest
672 1071 731 1135 nisi
749 1072 817 1154 ipse
839 1075 967 1136 amatus
984 1071 1091 1137 homo.
1136 1073 1241 1137 Iam
1231 1094 1265 1139 m
1278 1075 1433 1158 Euripidis

270 1173 445 1254 Hippolyto
467 1172 573 1235 nutrix
595 1173 778 1237 Phaedram
801 1173 985 1264 consolatur
1007 1172 1057 1236 his
1086 1173 1193 1239 verbis
1222 1195 1253 1239 v.
1275 1176 1339 1240 477
1372 1197 1434 1259 sqq

405 1331 408 1336 ,
467 1273 632 1333 νοσοῦοαδ’
651 1263 683 1331 εὖ
700 1297 757 1338 πως
776 1273 827 1349 τὴν
846 1279 928 1331 νόσον
946 1280 1147 1355 καταστρέφοο.

464 1360 580 1416 eioivd'
598 1361 702 1437 ἑπῳδοι
721 1383 768 1417 και
787 1366 863 1435 λόγοι
882 1367 1053 1440 θελκτήριον

245 1511 248 1516 ⁵
463 1451 616 1521 φανήσεταί
634 1469 661 1503 τι
682 1449 762 1521 τῆσδε
782 1453 931 1524 φάρμακον
949 1455 1037 1507 νόσου.
1277 1524 1281 1531 .

268 1541 331 1605 Sed
362 1547 533 1624 postquam
561 1545 771 1627 Hippolytum
802 1547 919 1611 frustra
952 1552 1085 1629 precata
1117 1552 1181 1626 est,
1213 1551 1251 1613 ut
1281 1566 1435 1612 novercae

271 1643 391 1707 amoris
414 1645 564 1708 morbum
587 1645 716 1724 levaret,
739 1648 857 1711 fatetur
879 1668 909 1712 v.
930 1649 991 1712 688
1003 1669 1050 1730 sq.

730 1751 779 1823 τῆς
798 1755 878 1821 νόσου
897 1754 927 1807 δὲ
944 1772 988 1806 σοι

463 1836 578 1907 ζητοῦσα
598 1834 721 1911 φάρμαχ’
740 1825 823 1912 εὗρον
842 1835 899 1913 οὔχ,
917 1835 1081 1912 ἄβουλόμην.

351 1930 433 1994 Tum
462 1937 606 1999 amatam
633 1953 806 2014 personam
834 1935 965 1999 unicum
997 1936 1117 2000 amoris
1138 1936 1317 2002 remedium
1342 1941 1374 2002 et
1395 1938 1435 2002 le·

269 2050 385 2093 vamen
407 2052 475 2095 esse
497 2032 609 2096 comici
632 2039 748 2115 poetae
769 2035 931 2100 affirmare
952 2036 1071 2100 solent:

301 2135 391 2189 Plaut.
415 2135 515 2192 Cistell.
533 2137 566 2191 73
576 2155 616 2207 sq.

371 2228 443 2285 bono
462 2230 554 2285 animo
572 2249 607 2301 es,
627 2232 680 2287 erit
698 2231 744 2285 isti
764 2232 859 2286 morbo
877 2231 982 2287 melius
1017 2231 1086 2287 Sel:
1105 2231 1242 2287 confidam
1261 2231 1339 2296 fore,¹

370 2315 392 2368 si
411 2316 530 2372 medicus
550 2316 651 2387 veniat,
670 2317 717 2386 qui
736 2318 800 2372 huic
818 2319 914 2373 morbo
932 2319 1024 2376 fucere
1042 2318 1208 2374 medicinam
1227 2322 1330 2389 potest,

302 2407 411 2462 ferent.
421 2409 536 2480 Adelph.
555 2410 605 2464 293
618 2428 657 2478 sq.

741 2514 893 2565 numquam
909 2514 994 2550 unum
1012 2494 1175 2551 intermittit
1190 2493 1274 2562 diem,

337 2582 404 2650 quin
422 2600 527 2654 semper
546 2583 647 2638 veniat.
682 2583 739 2637 So:
757 2584 828 2637 solus
846 2601 970 2638 mearum
988 2581 1185 2638 miseriarumst
1204 2580 1368 2637 remedium.

303 2676 402 2730 Publil.
422 2677 479 2746 Syr.
498 2681 566 2731 sent.
587 2677 617 2730 31

366 2791 368 2796 ·
465 2763 565 2819 auroris
583 2764 680 2817 vulnus
698 2762 772 2816 idem
790 2764 877 2829 sanat,
896 2761 944 2829 qui
962 2758 1038 2815 facit.

267 2859 478 2926 Menandrum
509 2862 616 2922 autem
649 2857 713 2920 tale
751 2856 930 2937 quidquam
959 2853 1121 2936 scripsisse
1150 2853 1350 2917 documento
1381 2853 1435 2927 est,

268 2962 355 3045 quod
387 2961 531 3023 Donatus
563 2979 602 3022 ex
635 2957 819 3021 Phasmatis
850 2959 1041 3037 argumento
1077 2957 1187 3018 narrat
1216 2953 1259 3017 ad
1290 2949 1435 3017 Eunuchi

268 3084 298 3126 v.
321 3065 388 3127 9·.
441 3058 596 3123 exarsit
618 3058 649 3121 in
672 3077 815 3120 amorem
838 3057 974 3138 puellae,
999 3056 1043 3119 ita
1067 3058 1103 3118 ut
1124 3053 1304 3118 remedium
1327 3057 1436 3119 tautae

270 3161 464 3245 cupiditatis,
486 3160 544 3223 nisi
568 3179 607 3221 ex
634 3158 763 3239 nuptiis
786 3176 849 3221 non
873 3156 1075 3238 reperiretur
1118 3153 1264 3235 Denique
1281 3152 1435 3229 Tibullus,

270 3263 465 3345 Propertius,
489 3259 622 3323 Ovidius
644 3259 759 3322 imitati
782 3257 1018 3322 Alexandrinos
1040 3256 1079 3319 de
1101 3253 1221 3319 amoris
1241 3254 1362 3332 lurore,
1383 3252 1435 3336 qui

267 3383 371 3445 neque
395 3361 519 3425 artibus
541 3359 673 3439 magicis
688 3378 792 3440 neque
809 3358 873 3422 ulla
891 3357 1050 3422 medicina
1068 3355 1176 3420 sanari
1191 3353 1304 3436 possit,
1320 3353 1436 3418 similes

267 3463 424 3547 querellas
445 3461 598 3525 funduntz

302 3570 381 3638 Prop.
403 3567 415 3620 l
437 3567 502 3632 1,26

462 3650 586 3721 quaerite
604 3668 660 3704 non
679 3650 739 3704 sani
756 3649 873 3719 pectoris
891 3647 1003 3703 auxilia.

301 3746 436 3803 Theocrit.
456 3746 491 3799 id.
510 3748 533 3799 ll
553 3748 586 3801 95

465 3831 490 3885 εἰ
509 3826 538 3883 d'
558 3827 612 3900 ἄγε
634 3828 752 3884 &iaculi
769 3847 820 3899 μοι
836 3825 963 3899 χαλεπᾶς
981 3827 1052 3877 νόσω
1071 3809 1135 3896 ripe
1152 3841 1180 3876 τι
1197 3821 1296 3895 μῆχος.

301 3924 380 3995 Prop.
397 3929 408 3979 l
429 3931 451 3989 5,
462 3926 544 3994 27sq.

464 4029 520 4065 non
539 4029 590 4079 ego
608 4014 666 4064 turn
687 4012 784 4079 potero
802 4006 903 4061 solacia
920 4006 990 4060 ferre
1009 4004 1129 4074 roganti,

515 4115 575 4151 cum
596 4096 666 4150 mihi
685 4096 760 4148 nulla
778 4092 832 4148 mei
851 4092 888 4145 sit
905 4091 1041 4146 medicina
1058 4090 1133 4145 muli.
