2946 4734
705 227 747 292 53

155 405 342 490 τραγῳδίαν
365 415 457 469 ποιεῖ
478 403 558 469 ὅταν
582 405 599 470 ὁ
622 411 838 478 τοιοῦτος
861 395 946 465 εἷναι
970 402 1186 483 νομιζόμενος
1208 404 1300 481 φανῇ

154 519 283 584 καινοῖς
304 510 446 592 μύσεσιν
469 511 585 594 ἔνοχος
606 507 661 594 (of.
675 507 752 588 251)
775 505 877 592 Hipp.
891 505 955 571 656
980 503 1041 568 οὐκ
1055 505 1124 568 ἔστι
1140 502 1299 588 φορτικὸς

156 614 313 695 ὁλόγος,
348 612 431 677 ἀλλὰ
462 619 590 698 μᾶλλον
612 623 670 695 τῆς
691 612 838 687 ὑποψίας
867 621 927 675 τοῦ
950 609 1178 694 ἁμαρτήματος
1199 614 1299 689 θερα-

156 717 454 803 πευτικόςῆτάχα
472 716 1004 803 προτραγῳδεῖτὸπόθος,
1028 716 1299 779 τὸντοιοῦτον

153 824 273 908 μικρὸν
286 823 429 905 ὕστερον
440 821 493 888 ἐπὶ
504 825 709 906 καταγνώσει
721 824 868 905 μοιχείας
881 831 988 885 ποιῶν
997 818 1299 902 κατηγορούμενον,

152 925 208 991 Αἰ.
233 927 321 993 421.
340 979 346 992 .
365 979 371 994 .
396 928 610 1011 ἀπηυδηκότα
645 925 681 991 δὲ
704 928 810 1008 ἄνδρα
834 925 896 990 οὐκ
919 927 960 990 ἄν
983 949 1032 1002 τις
1054 922 1236 1008 μέμψαιτο,
1270 924 1300 985 εί

152 1038 405 1116 μεγαλαυχεῖται
435 1033 535 1098 ὁποῖα
557 1030 612 1097 καὶ
629 1031 823 1116 ὁἩρακλης
845 1030 882 1096 ἐν
904 1043 946 1117 τῷ
969 1029 1054 1094 τέλει
1080 1030 1127 1093 ὢν
1150 1025 1299 1110 περὶτῆς

152 1136 435 1220 ἀνδρείαςγαὺτοῦ
463 1136 609 1215 διίξεισι.
632 1135 686 1201 καὶ
717 1141 885 1219 γίνεται
916 1135 1112 1209 ἐπίτασις
1134 1143 1208 1199 τοῦ
1231 1133 1298 1197 ποί-

153 1249 277 1324 θους,
301 1243 427 1308 ὁπόταν
450 1245 493 1307 τὸ
515 1253 685 1308 τοιοῦτο
709 1243 959 1326 διαφθείρηται,
982 1244 1043 1305 ἔτι
1067 1236 1297 1318 δδαῦξεται

152 1349 197 1410 τὸ
220 1348 358 1424 πάθος
381 1346 442 1431 οὐχ
457 1349 524 1413 ὑπὸ
547 1348 652 1413 ἄλλον
675 1349 858 1430 λεγόμενον
881 1346 965 1410 ἀλλὰ
985 1346 1051 1411 ὑπὸ
1068 1344 1182 1426 αὐτοῦ,
1207 1343 1245 1410 Ο.
1260 1342 1295 1409 C.

153 1452 254 1533 1181,
294 1452 353 1517 ubi
383 1452 486 1518 etiam
527 1452 748 1539 reperiuntur
778 1454 884 1517 verba
914 1450 1081 1533 αὐξήσεως
1103 1451 1220 1535 χάριν,
1254 1448 1296 1514 cf.

152 1557 256 1623 ctiam
279 1555 336 1622 Or.
361 1557 434 1621 241.
481 1556 630 1638 Quorum
655 1555 858 1623 scholiorum
887 1554 1059 1622 sententia
1081 1557 1175 1620 certo
1198 1552 1296 1618 modo

151 1662 338 1748 completur
356 1659 410 1728 bis
434 1664 471 1728 et
493 1661 671 1748 exquisitis
695 1661 828 1747 quidem
852 1661 1005 1728 scholiis:
1029 1659 1085 1724 Ai.
1111 1659 1173 1723 112
1196 1659 1297 1740 ὑπερ-

152 1769 290 1834 οπτικὸν
334 1771 371 1833 τὸ
415 1763 500 1851 ἦθος
544 1766 648 1832 αὐτοῦ
683 1766 844 1832 ἐντεῦθεν
867 1767 1075 1832 ἐνδείκνυται
1109 1766 1126 1831 ὁ
1159 1764 1297 1847 ποιητὴς

151 1874 234 1960 (ἐπεὶ
269 1876 380 1940 πάνυ
409 1879 661 1958 πρόσκειται
692 1875 710 1940 ὁ
740 1874 950 1958 ἀκροατὴς
979 1887 1027 1958 τῷ
1054 1880 1206 1938 Αίαντι
1240 1873 1297 1936 διὰ

151 1983 211 2064 την
235 1981 414 2065 συμφορὰν
437 1979 491 2045 καί
514 1979 749 2064 μονονουχὶ
773 1984 1024 2066 χαλεπαίνει
1047 1988 1102 2065 τῷ
1124 1976 1295 2061 ποιητῇ),

151 2087 219 2150 ἵνα
239 2086 339 2172 δόξη
364 2085 623 2163 ἀξιοποθεῑν
647 2085 788 2162 ὁΑίας
810 2083 1135 2170 μηὺποτεταγμένος
1156 2092 1203 2169 τῷ
1227 2084 1296 2147 δαί·

150 2216 228 2274 μονι
252 2196 288 2257 et
311 2191 365 2256 Ai.
382 2191 446 2256 762
469 2195 651 2274 παρατήρει
673 2192 823 2256 κάνθάδε
847 2193 921 2274 τὴν
945 2194 1200 2272 προσθήκην
1223 2198 1296 2253 τοῦ

149 2320 198 2362 πο
209 2322 249 2381 ιη
265 2307 358 2379 τοῦ,
382 2296 432 2360 ὅτι
448 2307 600 2380 προσῆψε
614 2301 659 2383 τῷ
676 2303 795 2362 Αίαντι
811 2299 1045 2381 γλωσσαλγίαν
1060 2292 1295 2378 μονονουχὶ

149 2404 406 2488 θεραπεύων
433 2403 508 2466 τὸν
530 2404 692 2485 θεατὴν
715 2404 768 2487 μὴ
791 2405 1005 2486 ἄχθεσθαι
1029 2411 1074 2488 τῇ
1097 2408 1298 2484 συμφορᾷ

149 2516 225 2573 τοῦ
249 2513 451 2583 Αἴαντος.
482 2508 861 2593 προσῳκειωμένοι
893 2509 970 2590 γὰρ
1001 2509 1077 2590 ἤδη
1100 2516 1147 2592 τῇ
1171 2505 1296 2588 ἀρετῇ

149 2615 283 2679 αὐτοῦ
316 2613 471 2696 σχεδὸν
503 2610 570 2676 καὶ
604 2619 654 2700 τῷ
684 2621 836 2699 ποιητῇ
862 2615 1120 2695 ὀργίζονται.
1166 2609 1294 2691 Quibus

149 2718 184 2781 in
196 2716 330 2784 scholiis
347 2717 513 2783 statuitur
525 2717 586 2783 illa
599 2717 662 2799 leri,
681 2718 860 2784 seeundum
876 2739 976 2804 quam
992 2739 1030 2782 eo
1046 2717 1165 2782 melius
1183 2715 1294 2782 officio

148 2822 304 2908 fungitur
326 2826 428 2909 poeta
460 2822 628 2907 tragicae,
664 2846 729 2909 quo
759 2824 866 2907 magis
896 2823 1027 2908 tragice
1057 2822 1215 2887 eveniant
1238 2843 1294 2886 res

148 2927 301 3011 fabulae;
342 2950 380 2992 eo
414 2930 528 2993 autem
560 2928 665 3014 magis
700 2927 832 3013 tragice
867 2928 1045 3006 eveniunt,
1082 2949 1147 3012 quo
1183 2926 1294 2992 acrius

148 3034 240 3099 iuter
271 3055 306 3098 se
330 3033 486 3119 opposita
515 3037 594 3099 sunt
616 3056 836 3119 personarum
866 3032 934 3118 (vel
964 3032 1077 3118 potius
1108 3031 1178 3096 eius
1210 3051 1294 3117 quae

148 3138 273 3225 primas
303 3141 419 3224 partes
453 3137 526 3223 agit
560 3138 737 3224 personae)
772 3161 880 3205 mores
911 3142 947 3203 et
976 3137 1134 3217 fortuna,
1176 3135 1211 3200 id
1241 3140 1295 3201 est

149 3265 214 3328 quo
266 3242 420 3309 meliores
476 3264 534 3307 eae
579 3248 659 3308 sunt
707 3265 886 3329 personae,
945 3263 1087 3328 quarum
1134 3240 1295 3306 interitus

149 3348 379 3434 perniciesque
401 3351 553 3432 paratur.
594 3348 719 3413 Tamen
742 3348 804 3413 hac
828 3369 959 3433 quoque
981 3346 1017 3410 in
1040 3369 1077 3412 re
1100 3349 1153 3411 est
1177 3343 1293 3411 modus

149 3452 303 3539 certique
324 3452 423 3518 fines:
448 3452 548 3517 debet
571 3452 658 3517 enim
682 3475 818 3538 operam
842 3453 923 3517 dare
945 3456 1057 3538 poeta,
1089 3454 1130 3516 ut
1151 3471 1295 3537 persona

151 3556 309 3623 videatur
348 3556 546 3635 ἀξιοπαθεῐν
585 3580 650 3621 neu
684 3557 842 3622 videatur
876 3557 975 3642 plane
1009 3556 1135 3621 iniuste
1168 3555 1295 3641 optima

151 3684 302 3749 quaeque
335 3662 467 3749 perire,
507 3685 572 3747 quo
609 3667 722 3727 tamen
756 3662 850 3727 facto
886 3685 945 3728 suo
978 3663 1053 3726 iure
1086 3664 1294 3747 spectatores

149 3765 340 3833 irascentur
363 3777 484 3853 poetae
498 3767 532 3852 1).

242 3947 268 4012 l)
288 3946 339 3997 Hic
366 3946 448 4000 liceat
473 3949 593 4001 breviter
612 3954 739 4001 annotem
760 3948 886 4001 Schilleri
912 3947 970 4000 fere
997 3945 1110 3999 eandem
1130 3944 1215 3997 fuisse
1235 3961 1293 3997 sen-

150 4039 276 4104 tentiam,
305 4038 349 4090 cui
368 4041 601 4094 vehementissime
621 4058 650 4094 se
669 4043 798 4109 opposuit
817 4041 973 4106 chbelius‚
1000 4038 1147 4093 secundum
1167 4055 1246 4105 quein
1266 4035 1294 4088 id

151 4127 239 4194 ipsum
265 4133 308 4180 est
326 4127 500 4195 tragoediae,
530 4136 560 4182 ut
578 4129 660 4196 plane
680 4130 791 4197 frangat
811 4138 998 4198 spectatores,
1027 4127 1119 4181 codem
1140 4127 1219 4180 modo
1240 4143 1292 4193 quo

151 4217 207 4269 vita
225 4217 348 4270 homiues
367 4217 487 4286 frangat,
507 4236 566 4271 cum
580 4219 729 4273 Schillerus
743 4229 774 4273 ut
786 4219 930 4287 tragoedia
943 4220 1156 4272 corroborentur
1171 4217 1292 4271 homines

152 4306 198 4372 qui
216 4304 331 4360 audiant
350 4307 476 4374 vitaeque
496 4309 607 4362 servitio
628 4309 780 4362 liberentur
800 4310 928 4377 postulet.
