2946 4734
662 254 881 319 -.19-

184 435 283 512 sedit,
324 435 360 498 in
400 437 563 498 Graecam
606 434 759 517 linguam
807 429 1047 514 transversos¹)
1087 435 1372 519 Gregoriumque·

184 551 296 635 ipsum
324 551 491 633 Dialogi
523 550 725 632 cognomine
753 556 908 614 ornatum
943 572 1015 613 esse
1044 550 1230 615 contendit.
1283 550 1361 613 Etsi

184 665 341 730 Ehrhard
364 667 464 748 locos,
501 665 559 748 qui
584 664 670 727 hanc
699 687 770 728 rem
799 665 1041 746 demonstrent,
1078 664 1198 729 afferre
1234 664 1362 747 omisit,

185 789 299 845 tamen
315 781 649 864 Hergenroetherum
675 781 782 843 secuti
807 780 842 843 in
867 787 982 844 nostro
1006 779 1119 844 indice
1144 780 1361 864 Gregorium,

186 920 309 982 papam
336 897 492 981 primum,
524 896 736 959 nominatum
768 918 840 958 esse
869 895 1111 960 existimemus.
1159 895 1257 973 Quod
1281 918 1365 961 vero

185 1013 227 1076 ad
252 1012 463 1096 cognominis
487 1013 629 1075 formam
654 1012 853 1075 inusitatam
878 1011 1012 1094 attinet,
1038 1012 1101 1076 hoc
1125 1034 1248 1076 nomen
1266 1012 1362 1076 simi-

185 1128 263 1192 liter
286 1128 400 1191 fictum
427 1150 542 1191 omues
566 1126 795 1191 dubitationes
813 1128 969 1212 expellet.
1002 1127 1104 1212 Apud
1129 1123 1361 1208 Suetonium2)

186 1244 274 1308 enim
294 1251 359 1307 est:
387 1243 567 1327 „Hyginus
585 1293 592 1306 .
612 1293 617 1305 .
638 1291 644 1305 .
664 1243 817 1306 imitatus
837 1250 888 1306 est
904 1243 1098 1308 Cornelium
1116 1243 1361 1323 Alexandrum,

186 1383 285 1444 quem
325 1366 463 1444 propter
502 1359 719 1442 antiquitatis
758 1360 916 1423 notitiam
955 1359 1205 1444 Polyhistorem
1247 1360 1360 1442 multi,

186 1475 323 1560 quidam
347 1475 573 1539 Historiam
600 1470 793 1539 vocabant.“

293 1592 330 1655 Si
365 1613 455 1654 nunc
490 1591 692 1674 quaerimus,
728 1613 793 1672 quo
830 1590 970 1655 consilio
1005 1613 1136 1676 quaque
1163 1591 1296 1656 ratione
1320 1593 1361 1674 is,

187 1707 245 1790 qui
280 1705 370 1770 hunc
415 1707 606 1789 catalogum
647 1706 901 1791 quadruplicem
947 1708 1147 1790 confecerit,
1183 1730 1264 1772 usus
1304 1707 1361 1790 sit,

187 1822 343 1906 equidem
369 1831 497 1885 eertum
522 1822 701 1885 consilium
726 1823 881 1906 intellegi
905 1844 1004 1907 posse
1031 1844 1131 1906 nego,
1160 1824 1358 1907 praesertim

187 1961 262 2001 oum
287 1944 398 2001 certus
423 1938 504 2002 ordo
531 1939 584 2000 vel
609 1938 799 2002 litterarum
837 1939 890 2002 vel
927 1945 1073 2002 aetatum
1102 1960 1171 2003 non
1195 1939 1240 2003 sit
1263 1938 1360 2004 adhi-

187 2055 284 2118 bitus.
332 2054 480 2118 Tantum
508 2053 570 2118 hoc
594 2053 847 2118 concedendum
865 2076 939 2117 esse
957 2054 1124 2138 existim0,
1149 2076 1361 2118 numerum

187 2170 490 2254 quaternarium
517 2171 552 2232 in
576 2168 735 2233 indiculis
766 2170 1014 2234 constituendis
1049 2171 1212 2235 momenti
1248 2170 1361 2235 cuius·

187 2284 263 2348 dam
288 2285 402 2348 fuisse.
450 2286 535 2349 Nam
553 2285 588 2348 in
605 2286 715 2370 primo
733 2286 845 2349 indico
864 2293 1057 2369 quattuor
1073 2286 1212 2351 nomina
1227 2286 1361 2368 ultima,

186 2408 254 2464 tres
291 2402 341 2464 illi
375 2408 495 2486 poetae
530 2401 652 2485 tragici
686 2409 720 2465 et
750 2402 954 2465 comicorum
990 2410 1164 2486 poetarum
1189 2402 1360 2488 princeps,

187 2516 335 2580 dilucide
370 2518 410 2582 ab
447 2517 522 2580 aliis
551 2525 782 2581 secernuntur.
829 2518 963 2581 Deinde
993 2518 1029 2582 in
1058 2519 1162 2582 altero
1185 2519 1360 2583 rhetorum

187 2632 339 2716 catalogo
375 2639 565 2716 quattuor
602 2633 827 2718 sophistarum
869 2635 1021 2715 nomina,
1057 2656 1141 2718 quae
1175 2634 1212 2698 in
1246 2634 1361 2699 medio

187 2757 277 2827 sunt,
302 2770 320 2811 e
338 2749 459 2811 ceteris
476 2749 638 2813 eminent.
686 2751 762 2814 Non
780 2749 893 2814 minus
911 2751 944 2812 in
963 2750 1065 2814 tertia
1081 2749 1360 2835 philosophorum

187 2863 311 2927 tabella
347 2872 539 2947 quattuor
573 2865 885 2929 mathematicorum
923 2865 1061 2929 nomina
1095 2866 1176 2930 item
1208 2865 1361 2930 medium

187 2980 339 3043 tenentia
365 2979 541 3044 evidenter
565 2981 605 3045 ab
631 2980 705 3044 aliis
729 2982 964 3065 seiunguntur.
1024 2981 1179 3066 Denique
1203 2981 1240 3047 in
1263 2981 1359 3046 theo-

187 3095 339 3177 logorum
363 3096 475 3159 indice
498 3097 608 3180 prima
633 3096 684 3160 bis
709 3103 899 3181 quattuor
927 3097 1065 3161 nomina
1094 3096 1213 3162 ordine
1237 3098 1360 3162 aetatis

188 3233 303 3275 severe
326 3212 396 3274 lere
414 3219 546 3277 servato
564 3213 734 3296 leguntur,
761 3235 836 3276 cum
861 3213 981 3277 ultima
1007 3221 1198 3298 quattuor
1219 3213 1361 3277 nomina

188 3348 237 3409 eo,
262 3334 301 3389 ut
325 3326 550 3390 duodenarius
574 3351 734 3392 numerus
769 3328 975 3414 perficiatur,
1012 3329 1144 3392 adiecta
1179 3350 1252 3393 esse
1275 3328 1361 3393 mihi

188 3441 377 3505 videantur.
429 3443 586 3507 Ceterum
621 3466 737 3507 omnes
767 3451 906 3508 conatus
934 3444 1276 3510 transmutationibus
1300 3467 1360 3510 no·

188 3557 318 3620 minum
354 3558 495 3642 aliisque
536 3560 856 3624 commutationibus
884 3559 1096 3642 gravioribus
1121 3561 1204 3625 certi
1230 3561 1360 3626 ordinis

188 3673 391 3736 restituendi
426 3697 468 3737 m.
500 3698 552 3758 qu.
582 3684 665 3738 sent.
696 3699 715 3738 a
751 3676 869 3739 limine
905 3676 1070 3739 reiciendi
1105 3683 1192 3740 sunt.
1249 3678 1358 3742 Immo

188 3789 300 3872 potius
337 3789 372 3852 in
408 3812 446 3852 eo
482 3790 578 3854 nobis
615 3792 897 3875 acquiescendum
928 3801 988 3874 est,
1024 3792 1172 3856 tabulam
1209 3804 1355 3858 nostram

189 3905 453 3989 quadruplicem,
480 3908 582 3969 sclam
610 3908 718 3970 adhuc
743 3900 827 3967 rard
852 3899 1040 3981 ‹hala-addae
1065 3909 1297 3994 constitutam,
1321 3918 1359 3974 ut

188 4013 324 4100 κρίσεως
348 4021 560 4105 Byzantinus
585 4023 825 4086 documentum
861 4047 928 4088 non
966 4025 1249 4089 contemnendum
1275 4048 1358 4089 esse.

300 4198 322 4256 l)
346 4196 393 4247 lat.
413 4204 435 4245 rt
458 4214 497 4262 gr.
518 4197 543 4247 in
559 4197 659 4263 ,llignoi
681 4197 834 4267 „l'alrolog
850 4198 925 4251 lmt.“
946 4199 1090 4252 LXXVII
1104 4199 1194 4267 (1849)
1209 4200 1360 4253 ltu-430.

191 4315 219 4320 —
241 4285 267 4347 2³)
287 4283 320 4336 «lu
338 4301 452 4352 gratnm.
472 4306 493 4337 r.
514 4286 548 4335 ’.Ἢ
568 4304 592 4354 p.
613 4289 660 4336 117)
674 4286 731 4342 Rff.

1410 4528 1471 4599 ,ε

1336 4602 1441 4723 Α
