2946 4734
707 226 748 290 45

146 413 334 488 argumenta
363 409 582 472 consolatoria.
625 405 670 470 Ita
700 407 930 488 epigrammate
958 407 994 470 21
1032 409 1117 489 qnod
1150 413 1195 471 est
1227 411 1318 492 quasi

148 510 243 591 ipsius
266 508 473 590 epitaphium,
503 507 586 569 haud
612 525 727 569 vanam
753 507 793 568 de
821 526 854 567 se
878 507 998 586 profert
1026 511 1260 589 persuasionem
1285 515 1315 573 31

148 609 264 688 gloriae
285 610 410 672 futurae
433 626 520 688 spem
544 605 623 686 (arg.
648 603 710 686 lV).
753 605 815 669 Sed
838 607 932 668 etiam
951 607 989 669 Vl
1010 607 1193 671 consolandi
1222 629 1318 688 argu-

148 712 291 771 mentum
338 708 347 769 i
383 727 408 770 e.
439 708 521 771 vitae
550 711 620 788 post
660 708 795 769 mortem
833 724 923 786 spem
955 704 1170 772 Callimachus
1203 710 1319 773 ironice

149 808 261 872 attulit.
304 807 385 870 Nam
424 808 654 889 epigrammate
680 806 719 868 10
739 809 900 869 mortuum
924 807 1006 870 inter
1032 807 1174 871 homines
1201 811 1319 890 probos

152 910 185 970 et
205 909 317 972 beatos
348 907 568 971 ambulantem
590 905 772 986 praedicat,
799 910 910 969 contra
937 906 1032 987 epigr.
1064 908 1103 970 13
1131 908 1314 973 defunctum

151 1008 267 1085 irridet,
289 1008 364 1089 quia
387 1007 471 1070 laeto
493 1005 601 1068 animo
621 1005 704 1069 diem
727 1024 913 1086 supremum
937 1006 1066 1070 obierit:

211 1119 302 1198 άξιον
324 1122 420 1184 οὐδὲν
442 1119 523 1184 ἰδών
544 1119 695 1182 θανάτου
716 1120 825 1199 κακόν,
848 1121 933 1184 ditat
956 1121 1131 1196 Πλάτωνος

211 1225 245 1285 ἓν
265 1223 302 1284 τὸ
326 1222 402 1302 περὶ
426 1224 532 1303 ψυχῆς
552 1219 672 1300 γράμμ’
691 1219 943 1301 άναλεξάμενος.

233 1339 292 1402 Η10
313 1338 455 1403 Platonis
478 1338 554 1402 liber
576 1339 767 1421 intellegitur
783 1340 915 1404 Phaedo
937 1340 1080 1421 dialogus
1099 1341 1139 1404 de
1155 1341 1319 1404 immorta-

152 1438 238 1502 litate
260 1440 403 1519 scriptus.

236 1537 338 1601 Etiam
363 1540 443 1602 inter
465 1536 655 1602 Philetae
683 1537 861 1618 fragmenta
888 1539 1043 1603 nonnulla
1072 1543 1147 1602 sunt
1176 1537 1320 1603 consola·
1423 1606 1429 1616 ,

153 1637 242 1715 toria,
264 1657 347 1719 quae
370 1637 527 1700 Stobaeus
547 1637 700 1699 servavit:

153 1736 213 1799 1101
238 1736 304 1799 114.
319 1738 372 1798 ll:
399 1734 525 1817 Φιλιμά
544 1735 808 1816 ἐπιγραμμάτων.

213 1834 251 1895 ori
270 1834 369 1897 κλαίω
387 1838 493 1908 ξεῖνον
515 1834 547 1897 o'
568 1821 595 1895 οῗ
616 1834 761 1915 φίλτατε·
784 1833 889 1897 πολλά
911 1835 972 1914 γάρ
995 1836 1090 1914 ἔγνως

254 1934 471 1995 καλά.κακιὸν
493 1934 522 1995 δ’
544 1923 588 1996 αὖ
609 1953 660 1997 σοι
681 1938 799 2014 μοῖραν
820 1935 926 2013 ἔνειμε
945 1934 1031 2007 θεός.

156 2049 237 2112 Huic
260 2051 480 2130 epigrammati
501 2051 582 2114 inest
600 2071 665 2132 arg.
681 2052 710 2125 l;
743 2054 775 2114 et
795 2051 880 2114 bona
903 2053 935 2113 et
957 2049 1041 2115 mala
1064 2051 1140 2115 deos
1162 2051 1240 2116 dare
1263 2053 1320 2117 110-

157 2149 294 2212 minibus
315 2168 418 2231 neque
440 2151 502 2213 vim
526 2169 635 2214 eorum
658 2149 793 2215 lacrimis
816 2150 1021 2231 possevino,
1045 2153 1075 2212 31
1098 2170 1163 2232 arg.
1182 2150 1221 2215 ll:
1253 2171 1315 2216 orn·

158 2248 247 2311 nium
264 2248 428 2311 hominum
444 2248 542 2312 vitam
561 2269 617 2330 per
639 2250 738 2314 vicem
755 2269 862 2313 rerum
878 2253 907 2313 et
926 2249 1138 2314 secundarum
1161 2253 1321 2316 31311131-
1433 2290 1439 2312 1

156 2367 263 2412 sarum
286 2349 325 2412 ad
351 2348 445 2412 finem
469 2348 626 2413 festinare.

151 2465 238 2529 Stob.
262 2465 329 2536 1101.
355 2465 422 2528 114.
445 2466 501 2529 161
532 2465 658 2546 Φιλητᾶ
678 2461 880 2551 Δήμημτρος.

217 2563 286 2627 ἄλλ’
308 2561 354 2626 ὅτ’
376 2564 433 2626 ἐπὶ
453 2563 568 2645 χρόνος
589 2563 682 2648 ἔλθῃ,
705 2562 738 2637 ὃς
759 2564 794 2625 ἐκ
815 2564 893 2637 Διός
913 2559 1013 2643 ἄλγεα
1031 2573 1167 2628 πάσσειν

256 2662 351 2742 ἔλαχε
370 2662 423 2724 καὶ
446 2667 600 2725 πενθέων
620 2661 779 2744 φάρμακα
800 2665 917 2742 μοῦνος
938 2663 1011 2742 ἔχει,

220 2762 273 2823 καὶ
294 2763 356 2842 γάρ
376 2785 423 2834 τις
444 2762 570 2842 petroio
589 2761 829 2843 κορεσσάμενος
850 2761 1034 2840 κλαυθμοῖο

255 2859 356 2945 κήδεα
378 2860 528 2925 δειλαίων
548 2851 634 2925 εἷλεν
655 2861 726 2924 άπὸ
747 2861 933 2942 πραπίδων.

156 2978 238 3041 Inest
259 2997 324 3059 arg.
345 2978 401 3042 lll:
434 2980 624 3043 mittendum
647 2998 714 3043 esse
734 2977 875 3042 dolorem
898 2976 938 3040 de
961 2975 1102 3051 mortuis,
1134 2994 1206 3040 cum
1236 2997 1322 3043 mors

155 3077 283 3142 minime
301 3078 341 3141 sit
363 3097 525 3142 summum
546 3078 678 3143 malum.
720 3077 747 3140 V
768 3095 898 3160 quoque
924 3077 1147 3154 argumentum
1174 3076 1212 3138 de
1234 3077 1321 3141 luctu

157 3175 360 3258 superstitum
383 3176 515 3258 praebet
536 3176 676 3242 Philetas
698 3177 759 3241 hoc
781 3176 1029 3257 epigrammate:

160 3275 247 3341 Stob.
269 3275 335 3339 flor.
358 3276 425 3339 1⁶24.
451 3277 505 3340 10:

217 3392 251 3454 ἐκ
270 3393 384 3470 θυμοῦ
402 3390 547 3455 κλαῦσαί
557 3414 599 3472 με
618 3391 661 3453 τά
681 3399 806 3474 μέτριοι,
828 3394 887 3452 καί
902 3412 933 3451 τι
954 3391 1114 3470 προσηνὲς

255 3488 371 3568 εἰπεῖν,
393 3493 586 3574 μεμνῆσθαι
605 3490 633 3551 τ’
656 3489 715 3553 οὐκ
736 3489 781 3553 ἔτ’
801 3487 911 3562 ἐόντος
936 3486 1031 3569 ὅμως.

237 3607 355 3671 Arati
376 3607 501 3683 deinde,
524 3605 1007 3689 0013311013111131131111111100,
1030 3605 1321 3669 commemorantur

154 3711 219 3786 βίοι
240 3707 289 3771 vel
310 3705 486 3789 ἐπιτάφιοι.

234 3825 262 3888 3.
295 3822 413 3904 Ampla
434 3841 523 3902 seges
551 3821 815 3903 epigrammatum
838 3819 902 3883 huc
932 3817 1157 3900 pertinentium
1181 3817 1320 3880 cernitur

155 3921 188 3985 in
211 3921 488 4003 Anthologiae
503 3920 724 3986 Palatinae
746 3919 824 3983 libro
836 3918 889 3982 VH
904 3917 1076 3981 continenti
1090 3913 1323 3996 ἐπιγράμματα

159 4019 347 4102 ἐπιτύμβια.
380 4018 522 4095 Quorum
541 4019 693 4104 pleraque
712 4018 793 4083 tituli
810 4021 935 4081 tanturn
957 4019 1031 4080 sunt
1045 4013 1323 4078 autdescribentes
