2946 4734
725 203 765 267 67

245 387 413 450 Praeterea
435 382 503 445 cod.
520 381 617 445 Salm.
640 382 731 445 nobis
752 383 884 465 praebet
907 382 1154 464 epitaphion
1173 387 1219 450 de
1240 387 1329 454 fitia

161 486 269 566 regis
290 482 439 562 Oagcis
460 481 700 559 infantula,
723 483 812 545 anth.
834 482 888 544 lat.
912 501 959 544 nr.
982 483 1059 546 345:

368 580 428 632 Heu
446 577 525 630 dolor
544 580 573 631 et
592 578 699 646 magnis
720 595 826 647 semper
841 594 913 630 mors
931 577 1026 631 invida
1046 580 1125 647 fatis;

299 682 369 734 quae
390 667 499 718 teneros
518 667 595 717 artus
612 663 724 718 inimico
743 664 830 718 sidere
849 663 959 732 mergit.

300 750 444 806 Damira
462 749 508 803 hic
526 750 636 803 tumulo
653 749 755 819 regalis
773 751 912 804 clauditur
930 748 1030 817 infans,

298 837 342 892 cui
362 837 421 891 vita
438 838 557 890 innocua
576 838 618 890 est
636 842 737 904 quarto
755 835 868 904 dirupta
886 837 937 890 sub
955 854 1035 892 anne.

262 929 277 978 5
297 924 386 990 Quam
404 923 484 976 facilc
503 921 638 976 offuscant
657 923 808 976 iucundum
828 922 920 976 tristia
939 923 1047 978 lumen!

296 1012 386 1065 Nemo
405 1027 496 1063 rosam
513 1010 661 1072 albentem,
682 1009 766 1062 fuerit
785 1009 837 1062 nisi
855 1027 927 1077 quae
946 1011 1026 1081 hona,
1045 1014 1142 1081 carpIt.

364 1097 438 1150 Haec
456 1112 567 1164 parvam
587 1097 707 1149 aetatem
728 1097 829 1150 cuncta
847 1113 907 1149 cum
927 1097 1009 1151 laude
1028 1097 1146 1165 ferebat;

251 1245 252 1248 Ἴ
295 1187 375 1254 grata
393 1181 473 1236 nimis
491 1181 588 1251 specie,
607 1182 728 1235 iucundo
747 1181 859 1250 garrula
880 1182 959 1236 vultu

296 1273 413 1324 naturae
433 1268 544 1338 ingenio
563 1269 681 1321 modicos
699 1270 878 1337 superaverat
896 1285 990 1323 annos.

248 1359 279 1410 t0
298 1357 383 1410 Dulce
403 1350 734 1424 loquebatur,⁸qrridquid
754 1358 975 1423 praesumpserat
992 1373 1038 1410 cre

296 1444 447 1513 linguaque
468 1441 607 1496 diversum
625 1440 758 1495 fundebat
777 1442 877 1495 mellea
894 1461 1026 1509 murmur,

295 1533 438 1597 tamquam
457 1528 549 1581 avium
570 1544 685 1581 vernare
703 1528 773 1581 solet
789 1545 837 1596 per
856 1532 982 1597 tempora
999 1547 1116 1584 cannen.

363 1614 451 1668 Huius
470 1631 568 1682 puram
588 1613 709 1666 animam
728 1615 867 1668 stellantIS
885 1615 963 1684 regia
983 1617 1051 1670 caeli

295 1700 414 1771 possidet
437 1703 465 1755 et
483 1699 563 1753 iustis
580 1699 655 1753 inter
672 1701 749 1755 videt
767 1717 824 1754 esse
842 1701 968 1756 catervis.

246 1788 278 1842 15
297 1790 335 1841 At
353 1790 433 1856 pater
452 1786 552 1855 Oageis
570 1787 686 1856 Libyam
705 1789 770 1840 dum
790 1789 915 1858 protegit
933 1788 1025 1852 aroris,

295 1873 401 1927 audivit
419 1872 510 1927 subito
529 1872 691 1926 defunctam
709 1874 806 1928 funere
825 1879 929 1930 natam.

292 1959 415 2014 Nuntius
435 1958 479 2013 hic
498 1960 608 2028 gravior
626 1960 731 2013 cunctis
748 1960 802 2014 fuit
821 1961 945 2014 hostibus
963 1960 1014 2024 illi,

294 2046 407 2117 ipsaque
426 2045 478 2099 sub
496 2045 547 2099 tali
566 2045 642 2099 flevit
658 2045 784 2100 Victoria
799 2064 872 2101 casu.

238 2151 308 2216 Hoc
327 2171 456 2216 carmen
487 2154 579 2215 acute
608 2153 714 2214 seruat
744 2151 981 2232 dispositionem
1015 2151 1098 2213 illurn
1133 2172 1228 2232 quarn
1253 2153 1322 2216 dico

154 2251 409 2317 consolatoriam.
452 2250 536 2314 Nam
558 2250 656 2313 XVIII
676 2270 827 2314 versuum
854 2271 909 2314 sex
934 2252 1025 2331 primi
1049 2252 1212 2314 continent
1236 2272 1322 2314 corn-

153 2352 382 2435 plorationem,
411 2369 466 2412 sex
493 2353 663 2430 sequentes
693 2350 929 2426 laudationem,
957 2370 1012 2413 sex
1044 2351 1144 2412 ultimi
1168 2352 1323 2430 praebent

152 2451 290 2516 eandem
306 2448 443 2512 leniendi
463 2447 579 2511 doloris
597 2467 726 2511 causam
750 2468 847 2530 quarn
872 2469 1000 2512 carmen
1025 2454 1120 2513 antea
1136 2449 1279 2512 citatum.

237 2549 331 2612 Aliud
362 2567 491 2611 carmen
515 2549 726 2630 compositum
756 2554 802 2611 est
832 2552 868 2611 ut
898 2550 1091 2612 incideretur
1117 2549 1158 2611 in
1189 2549 1321 2630 epita·

149 2649 277 2731 phion
300 2647 481 2729 Olympii
505 2648 608 2726 (anth.
632 2647 684 2710 lat.
707 2666 754 2710 nr.
779 2647 863 2725 354),
886 2668 984 2729 quem
1005 2653 1192 2711 venatorem
1215 2650 1319 2730 Aegy·

148 2747 253 2830 ptium
283 2747 377 2810 fuisse
405 2747 557 2809 docemur
583 2746 725 2809 carmine
753 2746 786 2808 in
816 2747 1000 2826 anthologia
1022 2748 1225 2829 praecedenti
1256 2747 1319 2830 (no

149 2845 235 2928 353).
279 2846 371 2924 Quod
396 2845 580 2926 epitaphion
603 2845 681 2907 mihi
704 2846 795 2908 liceat
818 2845 947 2909 afferre:

360 2945 484 2998 Venator
503 2944 622 2997 iucunde
640 2942 724 2996 nimis
743 2946 829 3011 atque
847 2949 907 2998 arte
926 2945 1046 2997 ferarum

292 3047 373 3102 saepe
394 3031 505 3098 placens
526 3029 607 3098 agilis
626 3031 723 3098 gratus
741 3029 904 3083 fortissimus
925 3032 1024 3093 audax,

287 3117 335 3187 qui
353 3133 423 3186 puer
443 3117 478 3169 ad
495 3115 607 3170 iuvenes
626 3116 693 3168 dum
711 3133 766 3169 non
786 3116 942 3170 adiunxeris
961 3133 1055 3180 annos,

289 3203 380 3258 omnia
400 3205 508 3256 maturo
527 3203 684 3271 complebas
703 3201 777 3256 facta
797 3203 898 3256 labore.

253 3292 269 3345 5
288 3290 341 3355 Qui
359 3290 424 3343 ticet
443 3306 476 3342 ex
494 3289 608 3360 propria
627 3287 724 3357 populi
743 3289 812 3342 bene
832 3287 912 3342 laude
935 3289 1063 3356 placeres,
1118 3355 1119 3359 Ἰ

287 3377 446 3449 praestabas
465 3376 535 3441 aliis,
555 3379 588 3428 ut
605 3378 696 3428 tecum
718 3375 824 3428 vincere
843 3377 963 3445 possent.

288 3465 433 3530 Tantaque
455 3463 596 3516 mirandae
615 3462 727 3516 fuerant
745 3461 797 3515 tibi
816 3462 940 3530 praemia
958 3462 1072 3527 forma-e,

290 3552 320 3603 ut
338 3552 367 3603 te
385 3551 449 3619 post
468 3547 556 3600 fatum
576 3548 695 3601 timeant
713 3547 883 3614 laudentque
901 3547 1014 3600 sodales.

357 3635 417 3688 Heu
436 3652 509 3688 nunc
527 3635 581 3687 iam
601 3634 693 3686 subito
712 3633 809 3687 mortis
828 3633 917 3688 livore
934 3635 1108 3702 peremptum

220 3715 224 3722 ’
239 3723 271 3776 10
290 3721 343 3777 iste
359 3721 436 3789 capit
452 3720 585 3786 tumulus,
605 3737 688 3787 quem
706 3736 762 3773 non
783 3720 962 3790 Karthaginis
979 3737 1054 3774 arces

287 3807 514 3877 amphitheatrali
534 3809 687 3877 potuerunt
707 3807 777 3860 terre
794 3806 944 3874 triumpho.

357 3893 410 3948 Sed
430 3893 499 3946 nihil
519 3894 553 3947 ad
574 3910 668 3946 manes
686 3893 738 3946 hoc
755 3892 853 3946 funere
872 3892 964 3961 perdis
982 3892 1092 3946 acerbo:

290 3979 362 4034 vivet
379 3979 454 4032 fama
473 3977 513 4031 tui
532 3980 642 4046 postte
661 3979 798 4046 longaeva
816 3979 930 4041 decoris,

288 4066 373 4134 atque
391 4067 471 4118 tuum
491 4081 590 4118 nomen
609 4080 715 4135 semper
735 4064 878 4135 Karthago
896 4063 1033 4132 loquetur.
