2946 4734
629 351 833 415 ..34-

183 533 325 604 Antipatri
341 528 586 587 Thessalonicensis
605 530 661 584 Vll·
677 531 736 592 286,
746 531 762 586 5
772 549 811 599 sq.

339 621 404 679 οὐδέ
420 627 446 677 τί
465 643 495 678 σε
514 622 639 678 κτεάνων
659 622 800 699 ε’ῥριλσατο·
820 623 883 693 φεῦ,
904 621 1020 686 ε’λεεινέ,

340 709 408 772 ὤλεο
426 708 572 783 μοχθήσας
590 709 684 782 ἰχθύσι
701 714 749 765 καὶ
769 712 888 780 πελάγει
908 727 964 779 eqs.

181 803 209 854 et
228 798 394 883 Orinagofae
413 797 466 852 Vll
484 798 534 852 645

340 882 360 936 si
380 878 490 954 δύστην’
508 878 598 952 ὄλβοιο
620 881 803 955 Φιλόστρατε,
822 886 875 937 ποῦ
893 903 936 937 σοι
956 881 1053 938 ἐκεῖνα

392 970 516 1044 σκῆπτρα
536 971 583 1024 καὶ
603 971 633 1023 αῖ
651 969 785 1039 βασιλέων
804 968 929 1039 ἄφθονοι
947 966 1074 1043 εὐτυχίαι
1084 990 1096 1039 ,·

341 1053 417 1113 αἷσιν
435 1056 597 1132 ε’ττῃιιίρησας
615 1053 660 1111 ciet*
680 1060 740 1126 βίον
758 1075 812 1126 eqo.

229 1149 334 1213 Etiam
363 1148 437 1213 Orci
467 1149 520 1212 via
551 1146 701 1212 omnibus
731 1145 920 1209 mortalibus
943 1145 1100 1223 ineunda,
1133 1163 1219 1226 quae
1248 1146 1314 1207 tam
1406 1157 1410 1163 ·

148 1254 226 1315 nota
247 1253 278 1314 et
300 1249 489 1330 pervulgata
511 1251 560 1312 est
577 1247 664 1328 apud
680 1247 845 1310 Romanos
867 1250 899 1309 et
920 1244 1126 1326 anthologiae
1147 1243 1317 1308 Palatinae

148 1354 277 1432 poetae,
307 1349 371 1413 iam
394 1349 427 1412 iu
451 1346 647 1429 Antiphanis
669 1346 850 1427 fragmento
872 1347 921 1423 53,
944 1344 981 1409 K.
1003 1345 1031 1409 11
1059 1365 1090 1427 p.
1113 1347 1152 1410 32
1176 1362 1318 1407 comme·

151 1454 312 1515 moratur·
344 1535 465 1581 nareae
483 1528 528 1581 δεῖ
541 1531 661 1600 μετρίως
680 1522 744 1588 ῖθὺῖ
762 1525 953 1600 προσήκοντας
972 1528 1069 1596 φίλους
1079 1528 1100 1596 1)

345 1611 378 1667 οὔ
395 1609 448 1686 γὰρ
467 1614 612 1679 τεθνᾶσιν,
632 1609 700 1666 aaut
720 1610 772 1686 τὴν
790 1610 879 1686 αὗτὴν
897 1608 970 1680 ider,

346 1695 380 1771 ἣν
398 1700 484 1754 πᾶσιν
502 1698 598 1754 ἐλθεῖν
618 1698 673 1754 ἐστ’
692 1698 852 1770 ιῖναγκαίως
870 1700 942 1773 ἔχον,

301 1775 305 1782 ’
344 1788 576 1858 προεληλύθασιν.
610 1785 670 1841 εἶτα
688 1785 716 1860 χ’
735 1783 816 1860 ἡμεῖς
836 1781 953 1861 ὕστερον

346 1872 386 1933 εἰς
409 1869 493 1926 ταύτὸ
512 1882 705 1944 καταγωγεῖον
724 1871 818 1934 αὐτοῖς
837 1869 942 1948 ἥξομεν

345 1960 427 2035 κοινῇ
446 1957 494 2013 τὸν
512 1957 595 2013 ἄλλον
614 1962 866 2034 συνδιατρίψαντες
882 1959 993 2035 χρόνον.

115 2102 119 2105 .
151 2046 304 2110 Conferas
328 2047 386 2110 hos
407 2047 646 2129 Augusteorum
669 2054 838 2129 poetarum
860 2050 962 2114 locos:

185 2147 265 2216 emp.
285 2145 322 2198 m
346 2146 385 2212 18,
398 2147 432 2198 aa

346 2236 387 2287 est
404 2235 486 2303 mala,
505 2234 551 2288 sed
569 2233 673 2288 eunetis
691 2233 744 2289 ista
761 2232 877 2288 terenda
895 2233 941 2287 via
959 2233 1007 2286 est.

187 2320 284 2375 Catull.
304 2319 342 2372 ΙΙΙ
364 2320 444 2388 llsq.

346 2406 395 2476 qui
412 2424 485 2460 nunc
503 2406 526 2460 it
546 2423 594 2477 per
612 2404 665 2460 iter
684 2404 883 2482 tenebricosum

345 2492 417 2557 illue,
435 2492 508 2547 unde
526 2495 631 2562 negant
648 2491 736 2546 redire
755 2508 931 2560 quemquam.

187 2579 293 2636 Horatii
311 2598 393 2635 earm.
412 2582 425 2634 Ι
443 2581 528 2649 28,15

591 2662 684 2700 amnas
702 2664 758 2700 una
776 2647 871 2700 manat
888 2661 952 2716 nox,

347 2736 389 2788 est
406 2732 536 2788 calcanda
554 2734 637 2788 semel
656 2731 701 2787 via
719 2732 776 2787 leti.
789 2731 808 2797 'l

152 2820 293 2885 Maxime
324 2842 401 2886 vero
441 2822 484 2886 ad
515 2821 710 2902 Antiphanis
749 2821 965 2901 fragmentum
1008 2840 1042 2884 se
1078 2822 1171 2904 aptat
1209 2823 1322 2891 incerti

152 2922 293 2986 auctoris
314 2923 514 3004 epigramma
536 2922 656 2986 anthol.
680 2920 748 2985 Pal.
771 2921 833 2984 Vll
854 2921 1015 3003 335,5sq.

350 3022 376 3072 σι’
395 3014 511 3091 περισσὰ
531 3025 663 3091 θρηνεῖς
688 3021 714 3070 τί
731 3018 760 3071 δὲ
777 3014 871 3088 μα’την
891 3015 1017 3090 donipetra

403 3104 443 3165 εἰς
462 3101 558 3158 κοινὸν
571 3098 661 3175 Ἅιδην
679 3102 784 3164 πάντες
802 3098 896 3175 ἥξουσι
912 3108 1014 3177 βροτοί.

155 3187 365 3264 Communem
389 3192 462 3257 Oroi
485 3194 570 3256 viam
602 3194 781 3257 invenimus
811 3193 907 3257 etiam
936 3193 968 3257 in
993 3195 1139 3276 Tymnae
1160 3197 1321 3279 epigram·

154 3293 242 3353 mate
269 3292 390 3355 anthol.
410 3293 478 3356 Pal.
504 3294 644 3371 711477,
665 3295 685 3356 5
707 3295 776 3356 ἔστι
798 3293 858 3372 γάρ
882 3292 937 3373 ἴση
960 3291 1135 3356 πάντοθεν
1157 3299 1201 3369 εἰς
1222 3297 1321 3380 α’ΐδην

155 3388 374 3468 ἐρχομένοισιν
398 3390 483 3470 ὁδός,
510 3396 541 3457 et
567 3393 599 3456 in
616 3394 778 3474 Antipatri
797 3393 1030 3474 epigrammate
1052 3394 1174 3460 anthol.
1196 3396 1321 3464 Palxl

154 3487 236 3565 23ss
259 3487 304 3561 εἰς
325 3490 423 3572 citent·
445 3497 506 3571 μιόι
528 3495 614 3555 πᾶσι
636 3497 838 3572 καταίβασις.

236 3589 327 3667 Quae
350 3610 422 3654 eum
447 3592 491 3656 ita
505 3593 577 3669 sint,
602 3593 731 3657 iuvenes
752 3593 872 3674 ubique
889 3593 1113 3672 admonentur,
1136 3599 1172 3660 ut
1187 3600 1321 3679 propter

155 3687 327 3753 iuventutis
349 3696 380 3755 et
409 3691 531 3755 formae
554 3693 746 3757 brevitatem
775 3698 806 3756 et
836 3693 1056 3758 imminentem
1078 3699 1215 3761 mortem
1244 3716 1321 3763 oon-

155 3807 242 3852 cesso
265 3810 284 3852 a
308 3790 388 3853 Fato
411 3796 556 3872 tempore
578 3792 726 3856 fruantur
746 3796 844 3873 atque
864 3792 928 3856 vini
950 3797 979 3857 et
1002 3793 1121 3858 amoris
1139 3796 1267 3876 gaudiis
1286 3815 1321 3861 se

224 3928 248 3994 1)
270 3929 392 3984 Mortuos
401 3949 456 3986 non
466 3931 549 3985 nimis
557 3933 688 4001 lugendos
699 3950 755 3988 esse
768 3933 836 3987 dicit
852 3936 961 4004 praeter
972 3935 1160 4005 Antiphanem
1169 3936 1320 3993 Menander

154 4013 206 4082 frg.
226 4014 321 4070 incert.
342 4017 391 4071 705>
410 4022 437 4073 et
456 4019 515 4086 706,
541 4019 571 4071 K.
594 4019 634 4072 lll
653 4039 680 4089 p.
700 4022 764 4084 202,
789 4019 993 4074 usitatissimam
1016 4038 1078 4076 vero
1096 4038 1153 4077 esse
1171 4021 1244 4079 hano
1261 4041 1320 4080 sen·

153 4099 269 4154 tentiam
290 4102 318 4154 in
338 4103 422 4172 elegis
441 4105 566 4175 exposuit
584 4105 689 4160 Mallet.
708 4107 717 4158 l
745 4107 762 4159 l.
780 4126 807 4176 p,
827 4107 860 4160 60
871 4125 910 4175 sq.

223 4187 249 4255 2)
269 4189 351 4242 Plura
369 4192 494 4260 exempla
511 4193 647 4262 congessit
667 4193 797 4261 Zingerle,
817 4193 929 4247 Ovidius
940 4195 959 4260 Ι,
980 4194 1218 4263 lnnsbruclr1869‚
1235 4213 1264 4266 p
1277 4198 1320 4253 48.
