2946 4734
607 252 828 315 ,41-

133 422 290 514 ἆγρᾶφως
326 419 472 514 ἀσκήσας
506 421 565 513 τὴν
602 424 712 514 τέχνην
747 421 919 513 ἐγγράφως
943 428 1077 512 πρῶτος
1105 422 1303 506 ἐξέδωκενῙ);

139 548 356 633 quamobrem
385 547 571 632 Dionysius
608 547 680 610 iure
716 569 755 612 ac
789 546 910 611 merito
945 546 1187 629 grammaticae
1223 545 1305 609 artis

135 672 250 729 auctor
274 669 375 748 atque
403 685 526 747 parens
558 662 626 726 dici
654 669 775 747 potest.
835 661 961 726 Maiore
996 661 1158 744 temporis
1195 662 1305 745 spatio

10 786 12 788 ’
132 779 380 865 Apollonius
415 779 618 863 Dyscolus
643 778 699 861 (3),
734 777 923 866 Herodiani
958 776 1077 861 Magni
1112 783 1217 862 pater,
1253 799 1304 841 se·

136 897 262 981 quitur,
298 917 399 979 quem
430 894 626 959 Priscianus
661 894 754 974 (inst.
778 915 828 977 gr.
852 893 906 957 XI
933 897 961 975 l,
982 894 1009 955 l.
1035 893 1095 957 GL
1119 893 1156 956 Π
1179 895 1243 958 548
1261 894 1305 970 Κ)

135 1013 320 1076 maximum
345 1018 515 1075 auctorem
540 1010 623 1074 artis
641 1009 882 1093 grammaticae
903 1008 1060 1093 appellat.
1107 1009 1305 1074 Proximum

135 1150 258 1193 nomen
285 1116 536 1207 Ἀλέξανδρος
565 1127 610 1207 (4)
641 1127 777 1192 Cramer
806 1125 842 1206 11.
866 1122 903 1205 l.)
938 1125 1011 1189 sine
1046 1125 1114 1189 ulla
1142 1148 1241 1190 causa
1268 1126 1305 1190 in

136 1233 365 1325 Ἀλεξανδρεὺς
400 1243 601 1307 commutari
625 1252 724 1328 atque
761 1264 836 1306 curn
872 1241 1096 1305 antecedente
1124 1240 1305 1327 Apollonio

136 1360 283 1445 Dyscolo
307 1358 470 1442 coniungi
494 1359 613 1425 voluit.
653 1358 701 1423 At
718 1359 747 1422 si
761 1347 972 1439 Ἀλέξανδρος
988 1357 1073 1422 alius
1090 1359 1304 1440 grammatici

136 1497 260 1539 nomen
286 1497 359 1539 esse
383 1475 579 1558 retinemus,
613 1473 753 1538 dubium
778 1482 838 1556 est,
874 1473 949 1558 quis
973 1472 1167 1537 Alexander
1191 1479 1305 1539 nostro

137 1592 209 1655 loco
233 1591 280 1654 sit
302 1590 564 1674 intellegendus,
589 1612 663 1655 cum
682 1591 871 1676 complures
888 1589 1103 1674 grammatici
1119 1589 1306 1655 Alexandri

136 1730 259 1772 nomen
306 1707 463 1772 habeant.
538 1706 604 1772 Sed
643 1729 686 1770 m.
727 1729 782 1791 qu.
822 1714 907 1771 sent.
946 1705 1001 1769 hic
1038 1693 1249 1788 Ἀλέξανδρος
1288 1695 1305 1766 ὃ

137 1815 313 1899 Κοτυαεύς,
358 1822 573 1908 Asclepiadis
616 1822 722 1905 filius,
766 1828 1056 1904 commemoratur,
1103 1821 1161 1905 qui
1199 1821 1307 1886 Marci

137 1939 270 2005 Aurelii
294 1939 509 2025 imperatoris
537 1944 736 2024 praeceptor
764 1961 782 2002 a
814 1937 988 2022 Stephano
1012 1938 1095 2022 Byz.
1120 1937 1155 2018 (i.
1180 1960 1212 2002 v.
1238 1939 1305 1997 Ko-

136 2047 273 2134 rtoisrov)
298 2045 524 2137 γραμματικὸς
547 2047 847 2132 πολυμαθέστατος
871 2054 1066 2118 nominatus
1090 2058 1151 2117 est.
1193 2040 1307 2135 ’Ἀρος

138 2172 185 2253 (5)
213 2194 304 2254 vere,
348 2170 437 2255 quod
462 2170 498 2234 in
526 2168 593 2234 tab.
619 2170 644 2234 O
670 2170 832 2254 sequitur,
869 2169 1102 2254 dittographia
1137 2191 1178 2232 ex
1213 2176 1306 2234 ante-

138 2287 279 2351 cedente
311 2276 550 2367 (Ἀλέξα11δρος
589 2286 717 2349 factum
752 2291 811 2348 aut
839 2272 969 2368 Ἄπρος
1004 2291 1062 2349 aut
1083 2272 1226 2368 Ἅραῑος
1258 2287 1307 2350 le-

138 2403 288 2487 gendum
304 2425 377 2467 esse
389 2401 546 2485 Lagarde
563 2401 717 2484 coniecit,
735 2423 811 2466 cum
829 2402 975 2484 Cramer,
993 2402 1088 2466 cuius
1101 2402 1307 2467 sententiam

139 2517 295 2602 equidem
320 2540 449 2602 sequar,
472 2499 584 2602 Ὦρος
599 2539 659 2601 pro
668 2504 770 2600 ’Ἄρος
793 2517 964 2582 scriberet.
1013 2518 1109 2594 Quod
1126 2519 1249 2583 attinet
1266 2519 1308 2583 ad

139 2634 198 2698 Ori
222 2640 376 2717 aetatem,
411 2634 583 2698 FRitschl
615 2633 652 2697 in
688 2634 971 2698 commentatione
995 2633 1222 2716 celeberrima,
1254 2635 1307 2699 cui

140 2749 201 2832 „de
225 2750 292 2814 Oro
329 2758 430 2834 atque
465 2746 612 2815 Orione“
648 2771 772 2816 nomen
807 2745 902 2833 est2),
939 2772 1012 2814 eam
1047 2749 1096 2814 sic
1132 2748 1305 2814 definivit:

140 2865 356 2951 „Phrynicho
385 2867 606 2950 grammatico
636 2866 743 2930 ferme
767 2867 940 2951 aequalem
965 2866 1161 2929 Herodiano
1185 2888 1307 2950 suppa·

139 3005 208 3046 rem
234 2981 359 3047 vixisse
384 2982 443 3063 (sc.
468 2982 585 3058 Orum)
615 2983 777 3066 suspicor,
806 2989 845 3047 ut
872 3004 940 3047 non
968 2982 1126 3045 videatur
1153 2989 1211 3045 aut
1239 3004 1308 3046 non

138 3099 282 3162 multum
311 3105 402 3161 certe
430 3100 600 3163 saeculum
628 3097 766 3182 p.=Ohr.
796 3121 829 3161 n.
855 3099 997 3162 alterum
1026 3097 1098 3161 eius
1128 3104 1220 3161 aetas
1250 3119 1306 3160 ex·

138 3209 311 3278 cessisse“.
363 3215 415 3278 De
442 3215 627 3299 Astyage
656 3211 717 3294 (6),
758 3214 816 3298 qui
855 3213 889 3277 in
929 3222 1070 3297 utraque
1109 3213 1222 3276 tabula
1261 3213 1307 3276 le-

138 3330 240 3414 gitur,
289 3330 410 3395 Suidas
454 3330 544 3395 solus
583 3330 617 3407 (i.
652 3327 700 3410 v.)
743 3329 826 3394 haec
864 3351 970 3414 pauca
1008 3329 1111 3393 verba
1150 3327 1306 3392 tradidit:

138 3437 327 3529 Αστυάγης,
369 3436 603 3528 γραὶιιματικός.
661 3438 780 3529 Τέχνην
820 3435 1060 3528 γραμματικήν,
1107 3439 1186 3525 περὶ
1234 3441 1307 3503 δια-

139 3555 270 3637 λέκτων,
307 3555 385 3644 περὶ
420 3555 555 3644 μέτρων,
592 3552 729 3633 κανόνας
765 3549 979 3639 ὀνοματικούς
1013 3555 1070 3620 καὶ
1106 3552 1153 3633 εἰς
1186 3552 1309 3620 Καλλί-

138 3697 242 3755 μαχον
276 3668 332 3737 τὸν
367 3668 512 3761 ποιητὴν
547 3665 736 3761 ὑπόμνημα.
789 3679 864 3740 Huc
900 3677 1040 3756 accedit,
1076 3684 1114 3740 111
1137 3675 1308 3759 Astyages

140 3793 277 3877 quidam
303 3793 406 3857 semel
430 3793 466 3856 in
491 3792 626 3857 Orionis
650 3793 889 3876 Etymologico
924 3791 971 3878 (p.
997 3795 1048 3875 69,
1075 3792 1108 3873 9)
1143 3793 1307 3856 laudetur.

140 3908 206 3972 Sed
232 3909 273 3972 de
296 3909 461 3991 Astyagis
484 3908 696 3991 grammatici
721 3916 831 3973 aetate
866 3908 952 3972 nihil
988 3914 1104 3972 notum
1135 3915 1186 3972 est
1209 3915 1308 3993 atque

248 4181 271 4244 1)
296 4179 410 4232 llriarte
428 4185 480 4232 cat.
500 4197 554 4248 reg.
575 4149 644 4233 bibl.¹
660 4181 765 4233 Matrit.
785 4180 863 4233 codd.
882 4180 1035 4234 Gr.1nss.l
1051 4179 1141 4248 (nuo)
1156 4196 1181 4247 p.
1196 4180 1256 4231 314.
1274 4210 1307 4216 —

138 4269 165 4336 2)
184 4285 276 4340 opusc.
296 4268 310 4320 l
330 4268 479 4322 582-669.
