2946 4734
632 290 841 353 ..87-

149 473 191 535 ab
216 469 440 534 Alexandrinis
470 470 573 551 poetis
595 472 756 554 accepisse
779 473 926 550 credam,
958 494 1032 538 cum
1060 475 1158 540 etiam
1180 475 1319 541 Rufinus

148 572 264 637 similia
285 572 380 634 dicat.
396 570 597 636 antholPal.
613 572 637 634 V
651 574 698 638 18.
741 575 886 655 Longum
907 579 955 638 est
976 579 1043 640 tota
1063 576 1116 640 illa
1138 578 1318 658 fragmenta

148 680 180 738 et
202 673 347 737 carmina
368 671 421 734 hic
444 665 636 750 adscribere,
658 693 759 756 quare
781 676 1017 756 paucosmodo
1040 696 1150 740 versus
1171 678 1315 754 afferam,

149 777 203 857 qui
220 795 258 837 ex
275 773 425 836 omnibus
448 773 587 836 maxime
604 775 816 838 consentiunt.
859 776 906 838 De
923 776 1162 841 difficultatibus
1186 782 1217 842 et
1234 778 1318 860 peri·

149 877 237 956 curs,
259 893 343 955 quae
364 876 538 953 nuptarum
555 875 671 938 vetitus
686 895 777 939 amor
792 876 954 940 contineat
973 882 1074 958 agunt
1094 877 1175 941 haec
1192 879 1291 942 verba
1309 900 1315 942 :

184 978 321 1036 Xenarchi
340 979 438 1048 fragm.
457 979 482 1040 4,
496 980 526 1033 19
536 996 594 1047 sqq.

345 1058 378 1123 ἃς
395 1059 425 1115 δ’
444 1059 501 1117 οὔτ’
519 1063 589 1118 ἰδεῖν
608 1062 663 1118 ἔστ’
682 1062 747 1119 οὔθ’
765 1061 864 1137 δρῶντ’
882 1065 952 1119 ἰδεῖν
970 1067 1070 1133 σαφῶς,

344 1146 389 1203 risi
407 1149 437 1202 δὲ
456 1154 676 1222 τετρεμαίνοντα
697 1154 743 1206 καὶ
762 1152 946 1224 φοβούμενον,

345 1235 454 1289 δεδιότα
474 1233 505 1289 ἐν
524 1236 557 1312 τῇ
574 1240 651 1309 χειρὶ
672 1234 722 1310 τὴν
743 1234 836 1310 ψυχὴν
855 1238 962 1310 ἔχοντα.

187 1328 280 1382 Horat.
299 1333 350 1383 sat.
370 1329 381 1382 1
400 1331 521 1398 118111.

345 1416 437 1470 desine
455 1419 595 1470 mamonae
612 1416 748 1484 sectarim,
766 1416 839 1469 unde
856 1415 957 1470 laboris

345 1502 404 1572 plus
422 1502 533 1556 haurire
550 1502 617 1557 mali
634 1506 675 1556 est
693 1519 776 1570 quam
796 1519 829 1557 ex
848 1519 877 1557 re
893 1502 1038 1572 decerpere
1057 1502 1168 1554 fructus.

185 1593 323 1648 Martialis
341 1595 427 1664 epigr.
445 1597 484 1648 IX
502 1595 624 1664 31511.

345 1670 501 1750 poscentem
520 1698 646 1736 nummos
664 1684 692 1735 et
710 1679 828 1749 grandia
848 1678 931 1733 verba
948 1674 1092 1732 sonantem
1110 1692 1116 1707 '

413 1767 550 1837 possideat
568 1785 672 1822 crassae
691 1767 815 1822 mentula
833 1764 1004 1836 Burdigalae

186 1861 265 1928 Prop.
286 1860 310 1913 ll
329 1861 370 1926 23,
381 1863 395 1914 7
405 1880 464 1930 sqq.

348 1948 454 2016 deinde,
473 1947 521 2000 ubi
539 1945 692 2016 pertuleris,
710 1963 778 2013 quos
796 1944 864 1998 dicit
881 1944 964 2005 fama,
985 1942 1089 1997 labores

415 2033 553 2096 Herculis,
573 2037 604 2087 ut
624 2031 728 2087 scribat
745 2025 875 2086 ‘muueris
894 2028 990 2098 ecquid
1009 2025 1124 2083 habes'?

345 2137 454 2175 cernere
472 2119 514 2173 uti
532 2119 617 2189 possis
637 2119 743 2173 vultum
762 2117 881 2172 custodis
899 2114 995 2178 amari,

414 2208 511 2275 captus
529 2208 558 2260 11
576 2204 719 2259 immunda
736 2221 816 2274 saepe
834 2203 921 2274 latere
939 2202 1024 2256 casa?
1042 2218 1096 2269 eqs.

184 2306 272 2360 Rufiu.
292 2322 316 2357 1.
335 2302 405 2369 3sq.

347 2393 407 2446 ταῖς
423 2385 478 2457 μὲν
493 2380 566 2458 χρὼς
584 2381 708 2436 ἅαόδωδε
726 2381 825 2454 μύρον,
844 2377 961 2450 σοβαρόν
981 2397 1011 2432 τε
1030 2375 1185 2449 φρύαγμα

415 2474 461 2525 καὶ
479 2466 551 2543 μετὰ
571 2468 703 2523 κινδύνου
724 2471 742 2534 †
762 2465 901 2539 ἑσπομένη
920 2464 1042 2524 σύνοδος.

150 2573 196 2634 De
218 2569 437 2633 meretricibus
460 2572 572 2631 contra
593 2566 675 2629 haec
697 2565 885 2647 loquuntur:

185 2676 323 2731 Xenarchi
342 2676 394 2744 frg.
412 2674 532 2742 4‚4sqq.

663 2751 696 2815 iic
715 2751 807 2812 ἔξεσθ’
825 2749 894 2825 ὁρᾶν

348 2839 667 2918 εἰληθερούσας-στέρν’
685 2839 939 2916 ἄττημφιτεσμένας,4

346 2928 456 3005 γυμνὰς
476 2929 575 3001 ἐφεξῆς
595 2927 618 2984 τ’
637 2928 682 2984 ἐπὶ
701 2931 787 3000 κέρως
806 2928 986 3000 τεταγμένας.

186 3032 265 3098 Prop.
287 3027 312 3080 ll
333 3026 493 3093 23‚l3sqq.·

348 3116 453 3178 contra,
473 3110 573 3164 reiecto
593 3126 664 3178 quae
682 3109 770 3163 libera
789 3108 865 3164 vadit
883 3109 995 3178 amictu,

414 3197 556 3251 custodum
575 3199 603 3250 11
621 3197 696 3250 nullo
714 3200 809 3266 saepta
826 3197 926 3253 timore
944 3199 1042 3268 placet.

185 3292 319 3346 Martialis
339 3292 425 3361 epigr.
446 3291 482 3344 lX
506 3291 547 3355 32,
561 3292 573 3344 1
585 3310 623 3359 sq.

344 3378 416 3432 hanc
435 3379 504 3445 vole,
524 3396 593 3446 quae
612 3377 709 3446 facilis,
728 3395 798 3445 quae
816 3377 961 3447 palliolata
981 3380 1107 3442 vagatur,

418 3465 490 3518 hanc
509 3466 577 3529 volo,
597 3481 667 3532 quae
685 3481 769 3534 puero
788 3464 844 3517 iam
863 3462 939 3518 dedit
960 3466 1025 3517 ante
1043 3481 1112 3518 meo.
1149 3454 1150 3457 ¹

185 3555 273 3609 Rufin.
294 3576 319 3610 1.
339 3561 350 3612 1

345 3644 453 3716 μᾶλλον
473 3644 526 3694 τῶν
545 3641 667 3712 σοβαρῶν
686 3637 735 3701 τὰς
753 3641 879 3701 δουλίδας
899 3639 1101 3714 ε’κλεγόμεσθα,

150 3727 328 3810 Praecipue
346 3736 455 3794 autem
475 3733 654 3793 scortorum
670 3729 875 3792 concubitum
898 3729 1047 3792 tutiorem
1071 3746 1138 3789 esse
1161 3731 1193 3789 et
1216 3726 1320 3789 multo

151 3829 283 3893 minoris
305 3836 452 3895 constare
475 3850 573 3911 quam
597 3835 818 3893 matronarum
842 3831 1042 3893 asseverant:

187 3936 285 3989 Eubuli
303 3936 384 4007 frgm.
405 3937 447 4004 84,
458 3938 474 3990 6
487 3954 526 4003 sq.

345 4019 411 4094 παρ’
429 4009 466 4075 ὧν
485 4023 599 4091 βεβαίως
617 4017 747 4087 α’σφαλοῖς
764 4014 788 4072 τ’
807 4016 895 4075 ἔξεστί
914 4035 957 4068 σοι

344 4109 449 4182 μικροῦ
467 4111 604 4181 πρίασθαι
623 4107 761 4178 κέρματος
781 4101 831 4175 τὴν
850 4100 959 4174 ἡδονήν..
