2946 4734
675 252 895 315 -46-

195 446 287 491 mum
312 432 445 493 sextum
469 451 501 513 p.
528 429 606 492 Ohr.
632 451 664 491 n.
691 427 841 494 adnotat.
889 429 1050 514 Sequitur
1073 426 1275 493 Arcadius
1292 424 1379 535 (26),

198 543 328 607 celeber
351 544 408 608 ille
425 545 667 628 grammaticus
686 545 935 626 AntiochenuS,
961 545 1056 609 cuius
1072 550 1163 609 aetas
1187 566 1258 609 non
1281 550 1377 609 certe

198 658 333 723 definiri
372 666 495 744 potest,
543 683 746 746 quamquam
794 669 874 725 ente
912 660 1145 726 Herodianum
1184 659 1377 724 Arcadium

196 776 323 840 vixisse
359 784 513 841 constare
547 775 692 842 videtur.
741 778 928 854 Quominus
964 775 1277 862 Horapollinem
1304 778 1380 869 (27)

197 892 340 956 eundem
366 914 438 956 esse
462 892 693 957 existimemus
718 900 819 978 atque
851 894 893 957 de
923 915 988 978 quo
1013 891 1134 959 Snidas
1158 892 1193 971 (i.
1217 890 1265 974 v.)
1288 892 1377 958 haec

196 1009 378 1072 memoriae
414 1007 566 1092 tradidit,
604 1032 646 1073 m.
684 1031 739 1093 qn.
776 1015 862 1074 sent.
895 1010 989 1074 nulla
1024 1030 1078 1074 res
1112 1030 1174 1073 nos
1208 1008 1376 1095 impedit:

192 1112 418 1206 Ὡραπόλλων,
446 1116 688 1203 Φαινεβύθεως,
714 1173 721 1184 .
743 1173 749 1184 .
769 1173 792 1208 .,
818 1116 1043 1209 γραμμαεικὸς
1067 1115 1203 1198 διδάξας
1227 1113 1376 1186 avuta-

195 1232 345 1323 ξανὸρείμ
369 1234 424 1300 καὶ
450 1232 673 1322 ἕνΑἱγύπνῳ,
698 1229 770 1301 εἶτα
794 1236 827 1300 ἐν
848 1231 1176 1301 Κωνσεανεινοπόλει
1201 1233 1261 1301 ἐπὶ
1286 1240 1376 1303 Θεο-

196 1349 310 1417 door'or
336 1404 342 1415 .
369 1403 376 1416 .
403 1403 409 1416 .
446 1357 571 1442 scripta
607 1354 904 1437 annumerantur')
932 1409 938 1421 .
966 1407 973 1422 .
998 1407 1005 1420 .
1030 1348 1184 1440 λαμπρὸς
1216 1350 1277 1434 μὲν
1311 1350 1375 1418 ἐπὶ

196 1473 235 1558 νῇ
261 1468 350 1556 ιε’χνῃ
368 1461 549 1556 ἅνθρωπος
573 1467 629 1532 καὶ
654 1472 719 1533 onir
743 1465 851 1533 παλαι
876 1463 1111 1553 λαγιμωεᾶεαν
1134 1472 1376 1557 γραμματικῶν

107 1605 111 1613 ’
197 1578 289 1649 οὐδέν
312 1610 344 1648 ει
367 1587 460 1666 μεῖον
483 1583 577 1661 κλέος
601 1578 871 1670 ἀπενεγκάμενος.
921 1589 995 1666 Quo
1030 1590 1103 1654 loco
1139 1588 1298 1672 efficitur,
1334 1588 1376 1654 nt

195 1705 379 1789 Horapollo
414 1706 655 1788 grammaticus
691 1716 809 1791 quarto
833 1729 865 1790 p.
892 1706 969 1770 Ohr.
995 1730 1027 1771 n.
1058 1706 1190 1770 saeculo
1222 1715 1375 1772 exeunte

195 1820 356 1885 floruerit.
396 1821 511 1906 Atque
535 1821 681 1905 catalogi
705 1822 845 1886 ultimus
868 1831 918 1885 est
935 1821 1171 1886 Timotheus
1187 1823 1374 1888 Gazaeus

195 1936 274 2020 (28),
299 1937 357 2022 qui
381 1936 443 2001 sub
467 1938 648 2003 Anastasio
665 1939 692 2001 I.
718 1960 794 2002 cum
819 1938 884 2002 alia
909 1946 981 2002 turn
1005 1928 1143 2012 κανόνας
1166 1929 1375 2012 acroamata

194 2047 272 2136 περὶ
297 2043 476 2126 συντάξεως
500 2052 647 2138 scripsit.

302 2169 467 2234 Omnibus
490 2191 570 2233 vero
587 2169 842 2254 duodetriginta
863 2169 1064 2254 amplissimi
1080 2170 1181 2235 huius
1196 2191 1370 2254 gramma·

195 2285 338 2350 tinorum
374 2285 578 2350 Graecorum
613 2285 737 2350 indicis
773 2285 967 2350 nominibus
1004 2286 1151 2351 breviter
1189 2285 1371 2371 explicatis

194 2424 284 2465 nunc
331 2401 529 2486 quomodo
577 2403 788 2486 catalogus
834 2409 974 2466 noster
1020 2401 1269 2488 compositus
1315 2403 1371 2468 sit

193 2539 400 2602 quaeramus.
460 2518 575 2581 Primo
609 2516 773 2602 adspectu
809 2517 958 2582 dilucide
993 2516 1158 2602 videmus,
1195 2539 1272 2581 eum
1309 2519 1369 2603 qni

193 2633 343 2697 tabulam
379 2634 564 2698 confecerit
601 2633 718 2698 ordine
754 2634 967 2719 alphabetico
996 2639 1054 2698 aut
1077 2622 1284 2716 ἆνειστοιχίᾳ
1309 2635 1369 2699 illa

193 2749 340 2814 aSuida
372 2749 526 2814 adhibita
551 2771 617 2814 non
654 2772 751 2814 usum
788 2772 870 2813 esse.
919 2751 1038 2835 Itaque
1074 2750 1123 2814 nil
1147 2749 1240 2814 alind
1263 2750 1368 2815 relin-

193 2866 318 2949 quitur,
343 2866 409 2929 nisi
434 2873 471 2930 ut
495 2866 643 2948 nomina,
669 2866 697 2929 si
723 2866 822 2930 modo
845 2866 930 2930 ratio
955 2865 1120 2950 quaedam
1144 2872 1278 2931 servata
1302 2872 1367 2948 est,

193 2980 410 3046 secundum
445 2988 631 3064 aetatem,
670 3003 735 3065 qua
768 2980 895 3065 singuli
930 2980 1143 3065 grammatici
1176 2980 1367 3062 floruerint,

192 3099 262 3161 sint
286 3099 479 3183 composita.
520 3099 566 3161 Et
590 3105 642 3162 est
664 3097 726 3162 hoc
751 3098 786 3161 in
803 3097 911 3162 nostri
928 3097 1050 3161 indicis
1067 3102 1162 3181 parte
1178 3096 1302 3182 priore,
1330 3098 1368 3162 in

191 3214 423 3296 grammaticis
440 3213 518 3296 illis,
538 3236 621 3297 quos
637 3214 787 3277 numeris
802 3217 908 3278 2—11
924 3212 1126 3296 significavi,
1143 3212 1223 3277 dnm
1236 3219 1367 3277 aetates

192 3351 306 3392 eorum
342 3336 433 3393 recte
470 3351 489 3392 a
525 3352 578 3392 me
615 3329 802 3394 delineatae
838 3330 917 3393 sint.
966 3329 1032 3393 Hic
1055 3329 1230 3414 paululum
1255 3329 1367 3394 consi·

192 3452 327 3509 stamus,
375 3443 495 3508 Adhuc
531 3451 663 3509 tantum
700 3447 742 3509 de
777 3469 844 3510 una
879 3445 1003 3527 tabula,
1040 3444 1139 3509 modo
1169 3444 1211 3509 de
1234 3443 1304 3509 tab.
1330 3444 1368 3510 M

192 3560 289 3625 modo
315 3560 356 3624 de
381 3561 446 3623 tab.
466 3561 503 3642 C,
539 3583 724 3645 numquam
761 3562 802 3625 de
827 3561 999 3625 ambarum
1024 3562 1113 3625 inter
1137 3582 1210 3625 sese
1232 3560 1366 3625 ratione

192 3678 273 3759 dixi,
303 3683 338 3740 et
361 3676 423 3740 boc
448 3676 524 3740 ideo
549 3678 676 3740 factum
701 3685 761 3761 est,
793 3677 882 3763 qnod
907 3677 1038 3742 tabulas
1064 3678 1098 3741 M
1122 3683 1157 3740 et
1181 3676 1207 3740 O
1231 3675 1366 3742 intimis

191 3792 457 3878 propinquitatis
485 3792 732 3878 affinitatisque
756 3793 903 3858 vinculis
939 3794 1135 3857 coniunctas
1170 3813 1211 3855 ex
1246 3791 1367 3857 eodem

191 3910 285 3971 fonto
321 3909 457 3971 fluxisse
494 3931 623 3972 censeo
687 3911 756 3973 Cur
791 3916 914 3990 autem,
953 3908 1077 3973 dixerit
1112 3906 1292 3993 quispiam,
1328 3908 1367 3974 in

191 4024 258 4087 tab.
277 4025 312 4087 M
335 4025 474 4088 nomina
500 4029 572 4107 1,·ζ),
591 4029 620 4105 i,
634 4029 663 4106 o,
682 4030 732 4105 ll,
749 4030 789 4090 lo
814 4034 848 4088 et
872 4026 908 4088 in
933 4025 1000 4088 tab.
1019 4026 1044 4088 O
1064 4025 1193 4089 17--28
1219 4022 1368 4090 desunt?

301 4272 323 4337 l)
347 4271 447 4339 llorap.
467 4271 541 4322 Niloi
562 4270 766 4339 hieroglyphice
785 4270 825 4322 nl.
846 4269 1012 4322 OLccrnans
1032 4271 1131 4337 (1835).
