2946 4734
628 387 833 452 ,53-

146 565 315 653 hominum
333 586 469 648 corpora
484 572 515 631 et
531 566 656 630 animos
671 565 802 649 adligat,
829 569 875 632 de
893 570 969 633 hoe
988 570 1145 646 morb0‚
1169 569 1318 650 quamvis

147 670 296 729 amantes
319 665 527 745 dissimulent,
562 670 672 731 tamen
704 688 819 732 nemu
850 668 981 733 celari
1012 673 1162 752 potest·
1205 671 1318 753 ltaque

148 766 225 829 dicit
244 766 447 847 Antiphanes
469 768 527 846 irg.
551 767 620 842 235,
644 767 680 830 Κ.
699 769 729 831 ll
751 788 781 849 p.
810 769 867 831 114

691 862 808 937 κρύψαι,
831 864 943 931 Φειδία,

344 945 454 1005 ἅπαντα
474 938 557 1004 τάλλα
577 970 619 1012 τις
638 938 746 1005 δύναιτ’
765 947 800 1006 cir
817 948 889 1023 πλὴν
908 952 993 1006 δυοῖν·

344 1035 422 1092 οἶνόν
441 1050 472 1092 τε
490 1041 579 1092 πίνων
597 1037 638 1098 εἰς
657 1038 744 1112 ἔρωτά
765 1034 788 1091 τ’
808 1037 943 1110 έμιτεσάν.

345 1121 490 1198 άμφάτερα
507 1126 611 1197 μηνάει
630 1123 684 1199 γάρ
705 1122 759 1179 άπὸ
779 1126 833 1179 τῶν
851 1125 1018 1198 βλεμμάτων

345 1215 391 1266 καὶ
410 1213 464 1266 τοῖν
482 1211 573 1281 λόγων
592 1209 682 1267 ταῦθ’.
716 1207 786 1267 ὥστε
807 1209 870 1274 τοὺς
889 1209 1080 1286 άρνοομένους

343 1299 463 1371 μάλιστα
483 1298 598 1360 τούτους
617 1309 791 1370 καταφανεῖς
808 1309 893 1355 ποιεῖ.

148 1411 294 1488 Quocum
319 1412 439 1492 optime
461 1413 607 1493 congruit
628 1413 857 1495 Asclepiadem,
888 1414 942 1496 qui
965 1412 1154 1477 Callimachi
1175 1412 1241 1475 fere
1265 1431 1318 1475 ae-

148 1510 252 1591 qualis
276 1511 342 1587 fuit,
365 1512 565 1592 epigramma
586 1513 708 1577 anthol.
729 1514 797 1578 Pal.
820 1512 876 1576 XII
903 1514 960 1578 135

345 1605 419 1669 οἶνος
438 1609 539 1682 ἔρωτος
558 1609 678 1682 ἔλεγχος.
712 1609 780 1685 ε’ρᾶν
799 1607 976 1683 άρνεάμενον
996 1605 1063 1682 ἡμῖν

397 1693 502 1767 ἧταοαν
520 1699 549 1750 αἱ
567 1699 666 1751 πολλοὶ
688 1699 857 1769 Νικαγόραν
875 1697 1034 1772 προπόσεις·

344 1779 463 1855 καὶγὰρ
483 1782 635 1856 ἐδάκρυσεν
653 1787 700 1838 κἀὶ
719 1783 851 1839 ένάσταοε
873 1789 920 1838 καί
940 1804 966 1839 τι
986 1785 1108 1857 κατηφὲς

396 1869 502 1939 ἔβλεπε,
517 1868 559 1943 χοί
577 1874 708 1944 σφιχθείς
728 1869 778 1926 οὔκ
797 1873 882 1945 ἔμενε
901 1873 1044 1941 στέφανος.

149 1984 234 2061 Quid
256 1980 344 2063 quod
367 1982 584 2047 Callimachus
605 1983 672 2064 ipse
702 1985 829 2065 scripsit
851 1985 949 2066 epigr.
972 1985 1066 2048 XLlll
1090 1984 1224 2063 (anthol.
1249 1966 1316 2048 Pal.

148 2084 204 2147 Xll
231 2083 302 2162 134)

347 2178 426 2239 ἕλκος
444 2179 513 2253 ἔχων
530 2177 545 2233 ὅ
564 2178 653 2241 ξεῖνος
673 2179 839 2235 ἐλάνθανεν.
873 2176 910 2241 οἷς
928 2176 1046 2253 άνιηρὸν

397 2265 510 2339 πνεῦμα
529 2263 574 2320 διὰ
593 2268 720 2338 στηθέων
741 2297 771 2306 -
792 2265 864 2328 εἶδες
882 2299 915 2307 -
935 2264 1105 2339 άνηγάγετο,

345 2349 375 2407 τὸ
395 2357 489 2427 τρίτον
509 2349 581 2425 ἡνίκ’
599 2354 686 2419 ἔπινε,
713 2351 745 2408 τά
769 2354 798 2407 δὲ
817 2354 884 2428 ῥόδα
903 2355 1124 2425 φυλλοβολεῦντα

397 2426 515 2513 τοῖνδρὸς
534 2437 589 2494 άπὸ
608 2441 753 2509 στεφάνων
777 2438 858 2496 πάντ’
877 2441 1008 2512 ε’γένοντο
1025 2447 1123 2516 χαμαί.

344 2526 467 2599 ολπτηται
480 2528 555 2600 μέγα
563 2528 595 2599 δη
606 2548 640 2582 τι.
659 2526 699 2601 μὰ
714 2530 857 2601 δαίμονας,
878 2527 929 2584 οὐκ
943 2526 997 2583 άπὸ
1018 2531 1125 2603 ῥοομοῦ

396 2615 500 2680 εἰκάζω,
520 2613 658 2696 φωρὸςδ
676 2617 750 2686 ἴγνια
770 2613 830 2689 φολρ
850 2617 968 2688 ἔμαθον.

149 2715 261 2798 Neque
283 2716 466 2796 praetereas
487 2711 597 2775 Rufini
619 2732 749 2776 carmen
772 2713 893 2777 anthol.
916 2712 983 2776 Pal.
1008 2714 1034 2775 V
1057 2716 1097 2778 87

347 2808 474 2884 άρνεῖται
494 2807 542 2863 τὸν
561 2810 648 2881 ἔρωτα
669 2812 829 2876 Μελισοιάς,
850 2808 917 2865 άλλά
937 2808 967 2864 τὸ
987 2811 1064 2883 σῶμα

327 2916 329 2922 ’
398 2895 513 2970 κέκραγ’
531 2892 567 2958 οἷς
585 2898 685 2967 βελέων
704 2897 857 2971 δεξάμενον
876 2899 1026 2972 φαρέτρην,

348 2988 395 3040 καὶ
413 2987 489 3055 βάσις
508 2981 677 3039 άστατέουσα
697 2988 743 3039 καί
759 2984 875 3046 άστατος
891 2985 1036 3058 ἄσθματος
1052 2981 1124 3058 ὁρμὴ

400 3075 447 3126 καὶ
467 3074 557 3126 κοῖλαι
576 3064 719 3144 βλεφάρων
738 3069 890 3133 ω’τοτοιιεΐς
907 3076 998 3142 βάσιες

151 3174 209 3232 aut
231 3169 363 3233 Luciani
386 3169 501 3246 verba,
525 3169 564 3231 de
586 3167 646 3231 dea
669 3168 762 3250 Syria
786 3169 822 3232 17
852 3171 966 3247 ἔρωτος
989 3169 1026 3230 δὲ
1048 3167 1192 3250 οἶφανέος
1214 3165 1321 3226 πολλά

153 3265 293 3349 σημήια,
316 3267 491 3349 ὀφθαλμοί
505 3290 540 3326 τε
562 3267 723 3338 α’σδενέις
744 3269 796 3328 καὶ
815 3265 907 3350 φωνή
930 3269 983 3330 καλ
1000 3269 1090 3352 χροιη
1112 3268 1165 3330 καλ
1184 3265 1320 3348 δάκρυα.

151 3368 266 3432 Nonne
286 3387 358 3431 meo
389 3367 458 3431 iure
488 3368 636 3431 contendi
658 3368 737 3430 tales
768 3369 943 3432 sententias
966 3389 1004 3433 ex
1027 3369 1200 3433 comoediis
1222 3369 1321 3433 Athe·

151 3468 311 3532 niensium
324 3467 551 3530 Alexandrinis
567 3468 761 3548 interpositis
784 3489 886 3550 usque
912 3470 954 3532 ad
973 3469 1078 3549 elegos
1099 3470 1321 3534 Romanorum

158 3571 354 3650 penetrasse,
379 3566 403 3629 si
427 3567 469 3629 ibi
494 3585 622 3648 quoque
644 3569 757 3632 similia
780 3573 988 3632 occurrunt?
1011 3568 1143 3650 Perlege
1163 3570 1273 3649 igitur:

190 3671 292 3726 urhun.
312 3672 323 3724 1
344 3672 368 3740 9,
378 3671 411 3724 23
421 3689 480 3741 sqq.

355 3775 406 3812 nee
423 3758 477 3813 tibi
496 3758 602 3813 celandi
620 3775 679 3826 spes
698 3756 733 3810 sit
753 3773 862 3823 peceare
880 3757 1005 3826 paranti:

403 3849 444 3900 est
462 3845 537 3913 deus,
555 3845 675 3899 occultos
693 3843 741 3911 qui
760 3847 836 3897 vetat
853 3861 909 3898 esse
925 3843 1007 3897 dolos.

355 3933 413 4002 ipse
431 3932 496 3986 deus
514 3931 599 3984 tacito
619 3931 743 4000 permisit
762 3931 857 3998 lingua
875 3931 1001 3985 ministro

400 4019 492 4074 ederet
515 4023 547 4072 ut
565 4019 651 4072 multo
670 4017 757 4072 libera
776 4019 859 4071 verba
876 4035 965 4073 mero:

349 4106 406 4175 ipse
425 4105 491 4160 deus
512 4123 605 4159 somno
624 4104 744 4158 domitos
765 4105 891 4159 emittere
910 4122 1002 4160 vocem

401 4192 480 4247 iussit
499 4197 527 4248 et
546 4191 647 4247 invitus
666 4192 741 4247 fania
761 4191 881 4262 tegenda
899 4192 983 4262 loqui.
