2946 4734
741 220 794 284 ’68

275 401 415 467 Laudari
435 400 581 464 videmus
602 398 785 480 Olympium
807 398 949 461 versibus
972 398 1068 472 1-8‚
1099 398 1293 480 complorari
1316 419 1369 462 vv.

195 503 314 576 9-113
336 505 400 564 tres
421 504 530 563 autem
553 499 653 561 ultimi
674 499 826 579 epitaphii
848 517 960 560 versus
981 518 1045 560 non
1071 499 1164 561 nimis
1182 519 1255 563 euro
1279 518 1371 562 com-

194 601 387 685 plorandum
407 619 475 662 esse
497 598 684 662 ostendunt.

278 732 399 796 Deinde
421 728 841 794 commemorandum-mihi
862 732 910 791 est
929 727 1198 809 epitaphium
1218 729 1374 795 Vitatis

196 833 321 909 mimi,
343 831 400 895 filii
421 829 551 895 Catonis
573 827 673 911 (anth.
697 828 748 891 lat
771 848 819 892 nr.
841 827 926 909 billi),
955 828 1095 892 distichis
1116 828 1262 909 elegiacis
1282 849 1372 893 com-

200 933 338 1015 positum
358 930 426 994 his:

337 1061 406 1127 Quid
427 1060 489 1123 tibi,
509 1076 590 1121 mors,
609 1058 719 1121 faciam,
737 1075 808 1125 qnae
825 1058 899 1111 nulli
917 1076 1030 1126 parcere
1047 1059 1143 1114 nosti?

406 1146 501 1201 Nescis
518 1145 665 1210 laetitiam,
685 1145 779 1207 nescis,
799 1161 903 1208 amara,
921 1146 1002 1198 iocos.

337 1233 387 1288 His
406 1249 459 1302 ego
476 1231 622 1301 praevalui
642 1233 703 1284 toto
721 1229 881 1284 notissimus
900 1231 974 1293 orbe,

407 1318 471 1371 hine
488 1317 559 1370 mihi
577 1317 658 1385 larga
677 1317 782 1380 domus,
802 1315 867 1369 hinc
887 1317 956 1373 mibi
972 1333 1070 1369 census
1089 1318 1157 1371 erat.

304 1409 319 1459 5
339 1405 500 1460 Gaudebam
520 1421 636 1471 semper.
672 1401 743 1467 Quid
762 1402 845 1465 enim,
864 1401 888 1454 ei
907 1402 1012 1470 gandia
1029 1404 1129 1470 desint,

408 1490 454 1543 hic
472 1507 559 1558 vagus
577 1505 610 1541 ac
626 1488 713 1542 fallax
732 1487 801 1541 utile
821 1488 938 1542 mundun
957 1488 1064 1542 habet?

339 1577 384 1631 Me
403 1576 460 1630 vieo
479 1574 567 1629 rabidi
586 1575 678 1629 subito
697 1574 819 1628 cecidere
837 1574 957 1637 furorem

409 1662 520 1715 ridebat
535 1679 659 1714 summus
679 1676 721 1713 me
744 1660 874 1714 veniente
890 1661 977 1714 dolor.

339 1749 403 1802 Non
422 1747 502 1802 licuit
520 1764 686 1816 quemquam
706 1746 880 1800 mordacibus
899 1764 979 1802 urere
997 1747 1079 1812 curis,

288 1836 321 1890 10
408 1851 458 1887 nec
476 1851 566 1887 rernm
586 1834 693 1888 ineerta
710 1832 869 1887 mobilitate
884 1833 967 1887 trahi.

340 1920 477 1975 Vincobat
492 1929 604 1974 cunctos
623 1917 779 1988 praesentia
796 1923 893 1972 nostro
911 1919 1024 1973 timores

408 2011 437 2061 et
455 2024 562 2060 mecum
581 2005 649 2060 felix
667 2004 808 2073 quaelibet
827 2004 895 2058 hora
912 2005 974 2058 tuit.

341 2094 462 2148 Motibus
481 2110 514 2148 ac
532 2092 614 2146 dictis
633 2091 742 2160 tragica
759 2108 871 2160 quoque
890 2094 964 2145 veste
982 2092 1125 2162 placebam

414 2180 572 2235 exhilarans
590 2179 674 2232 variis
694 2179 786 2231 tristia
802 2178 885 2232 corda
903 2179 999 2231 modis.

292 2269 323 2323 15
341 2267 493 2336 Fingebam
511 2265 605 2319 vultus
624 2264 735 2318 habitus
754 2268 784 2317 et
803 2265 885 2317 verba
904 2264 1074 2333 loquentum,

412 2355 444 2406 ut
462 2352 553 2419 plnres
573 2367 627 2403 uno
647 2350 771 2404 crederes
791 2366 838 2403 ore
858 2349 942 2419 loqui.

344 2441 407 2509 lpse
426 2437 521 2501 etiam,
540 2453 621 2505 quem
642 2442 737 2489 nostra
757 2435 843 2489 oculis
860 2436 1024 2505 geminabat
1042 2436 1144 2506 imago,

411 2523 523 2578 horruit
541 2524 571 2576 in
589 2523 670 2576 vultu
685 2540 713 2577 ee
734 2522 823 2592 magis
844 2539 904 2577 esse
924 2540 995 2578 mco.

341 2611 364 2666 Ο
382 2609 510 2679 quotiens
527 2609 640 2662 imitata
659 2626 719 2663 mco
738 2626 766 2662 se
784 2608 888 2662 femina
906 2612 986 2676 gestu

290 2699 323 2752 20
411 2696 483 2750 vidit
500 2698 530 2750 et
547 2695 660 2749 erubuit
679 2699 796 2763 totaque
815 2700 891 2749 mota
909 2695 972 2749 fuit.

342 2784 416 2853 Ergo
435 2787 504 2851 quot
522 2782 552 2835 in
571 2786 664 2837 nostro
684 2783 852 2837 videbantur
871 2800 988 2851 corpore
1006 2783 1118 2846 formae,

411 2872 455 2923 tot
472 2887 579 2923 mecum
598 2880 693 2938 raptas
711 2869 828 2923 abstulit
848 2873 911 2923 atra
929 2870 995 2924 dies.

344 2955 403 3023 Quo
421 2973 470 3010 voe
487 2956 542 3009 iem
560 2956 637 3010 tristi
656 2956 785 3010 turbatus
803 2956 934 3027 deprecor
951 2973 1007 3020 ore,

414 3041 462 3111 qui
480 3041 596 3095 titulum
616 3041 710 3112 legitis
729 3059 791 3096 cum
809 3042 913 3111 pietate
933 3058 1039 3095 meum:

291 3130 325 3183 25
346 3145 378 3183 »o
398 3146 483 3196 quam
502 3128 593 3183 laetus
612 3145 681 3194 eras,
702 3128 827 3190 Vitalie‚‹
847 3128 932 3181 dicite
951 3127 1058 3192 maesti,

418 3213 490 3266 »sint
508 3213 568 3277 tibi,
586 3213 697 3277 Vitalio,
716 3213 773 3267 sint
791 3213 844 3267 tibi
864 3213 938 3266 laeta
955 3214 1062 3266 modo«

289 3351 409 3415 Maiore
429 3350 579 3414 carminis
601 3355 691 3432 parte
704 3349 831 3433 (1-20)
854 3357 1001 3415 mortuus
1017 3352 1084 3433 ipse
1101 3351 1211 3415 laudat
1222 3370 1376 3432 magnam

207 3470 300 3515 suam
329 3452 362 3514 in
395 3450 498 3514 mimis
525 3453 644 3529 artem,
676 3471 741 3533 qua
770 3470 837 3515 non
867 3451 1004 3532 adeptus
1032 3452 1072 3514 sit
1098 3450 1375 3516 immortalitatem

209 3548 337 3633 (then).
379 3549 590 3615 Nihilomimis
612 3555 720 3616 autem
751 3572 806 3616 eos
843 3553 897 3634 qui
927 3555 1134 3634 praetereunt
1172 3551 1377 3632 adhortatur,

208 3669 249 3714 ne
270 3653 406 3714 mortem
428 3669 519 3713 suam
544 3650 674 3731 lugeant
690 3651 850 3735 (mi-hi),

292 3782 463 3846 Praeterea
486 3783 689 3862 anthologiae
711 3785 830 3848 latinae
852 3786 931 3848 inest
960 3784 1225 3867 epitaphium
1248 3784 1287 3848 in
1308 3784 1378 3850 Lu·

210 3885 361 3948 ciolum
392 3883 535 3964 equitum
566 3883 776 3966 peditumque
806 3885 1010 3964 magistrum,
1043 3884 1170 3947 laudem
1205 3885 1272 3948 eius
1301 3904 1377 3968 pro·

210 3983 314 4046 ferens
337 3979 437 4064 (anth.
462 3982 516 4046 lat.
536 4002 582 4046 nr.
607 3981 692 4064 684).
