2946 4734
707 277 749 340 52

156 455 327 540 proponat
349 459 384 516 et
409 449 572 537 quomodo
594 449 765 536 gradatim
781 447 931 515 fabulam
954 448 997 514 ad
1019 448 1119 515 finem
1141 447 1305 536 perducat

158 557 343 644 diligenter
366 555 535 622 ostendat.

242 663 438 748 Antequam
450 683 640 747 pergamus,
652 661 816 747 graviora
827 681 912 747 quac
920 660 964 726 ad
973 659 1060 728 hanc
1071 661 1158 728 artis
1169 665 1301 749 partem

156 767 409 854 significandam
438 768 692 854 usurpaverunt
714 764 881 832 vocabula
915 764 1118 832 scholiastae
1149 767 1303 834 breviter

155 873 348 940 enumerari
363 875 502 959 oportet
513 871 608 937 haec:
632 871 896 959 praeparatio
913 871 1106 939 adrerum
1123 871 1301 940 difficul-

155 980 281 1043 tatem
302 977 605 1055 imminentium,
631 977 911 1042 necessarium
935 975 983 1043 ad
1004 975 1169 1043 fabulae
1192 982 1301 1058 περί-

43 1150 47 1161 .
155 1080 1302 1168 croccaexargumentoest,adiuvatargumentumfabu·

154 1187 231 1269 lae,
246 1187 486 1253 oeconomia
502 1209 577 1273 qna
592 1187 816 1253 verisimile
834 1186 902 1269 fit,
923 1187 1106 1272 ἀφορμὴν
1122 1188 1302 1271 εὔλογον

154 1291 1302 1377 ἔχειτὰλοικὰτοῦδραματος,το1ἑξῆςτοῦδράματος

154 1399 414 1480 ἀναιρεῖται,
432 1399 451 1481 ἡ
468 1398 678 1474 ὑπόθεσις
701 1399 945 1480 διαλύεται,
969 1400 1014 1463 τὸ
1037 1401 1301 1464 συνεκτικὸν

153 1503 1299 1588 τῆςὑποθέσεωςδιαφθείρεται,προπαρασκευάζειν,

152 1609 239 1674 tali
255 1631 360 1695 opus
382 1611 651 1694 estpersona
667 1607 977 1674 adhuinsmodi
993 1612 1299 1695 argumentum,

154 1713 295 1779 donec
317 1713 563 1799 perveniat
585 1713 634 1779 ad
658 1718 961 1798 καταστροφήν
985 1718 1021 1781 et
1036 1713 1169 1796 similia,
1194 1715 1300 1798 παρὰ

153 1821 234 1884 τὸν
266 1821 420 1901 καιρὸν
454 1818 511 1884 vel
546 1823 649 1895 τοὺς
682 1822 884 1902 καιρούς,
922 1821 1178 1902 neucesarie
1209 1819 1300 1885 ἀνα-

155 1926 448 2004 καλύπτεται,
471 1925 785 2010 praeparatiO,
819 1927 1135 2008 κροοικονομία
1167 1925 1220 1990 ad
1242 1925 1299 1990 fu·

152 2030 1300 2117 turumexitum,coonuoooxsod‚praestruxitpoeta

153 2133 1300 2216 adexitumfabulae‚inducitnrrcrumimminentium

151 2241 443 2326 praestructio.
469 2239 617 2321 Quorum
631 2240 869 2306 vocabulorum
884 2239 1016 2306 numeri
1028 2240 1175 2327 augendi
1186 2241 1300 2327 gratia

152 2344 236 2411 haec
257 2345 455 2432 plerumque
478 2368 545 2410 non
567 2345 681 2431 magni
704 2345 810 2432 pretii
833 2345 961 2411 scholia
983 2345 1121 2412 addam:
1156 2345 1211 2413 El.
1235 2347 1297 2412 312

152 2447 406 2532 δαιμονίως
440 2450 737 2538 ᾠκονόμηται,
794 2451 850 2516 Ai.
889 2451 953 2515 342
997 2456 1210 2537 χρήσιμον
1255 2457 1299 2538 τῇ

152 2558 417 2641 οἰκονομίᾳ,
440 2555 492 2620 ΕΙ.
518 2556 612 2637 1368,
638 2556 675 2621 Ο.
700 2556 742 2621 R.
768 2558 796 2639 9,
821 2555 947 2621 Phoen.
973 2555 1057 2621 1357
1081 2558 1152 2622 διὰ
1174 2564 1297 2623 τιθα-

155 2671 232 2744 νῆς
256 2661 471 2746 ἀφορμῆς,
506 2661 559 2726 ΕΙ.
583 2663 647 2727 755
665 2712 672 2726 .
690 2713 721 2727 ..
747 2661 1011 2740 ἀξιόπιστος
1033 2663 1217 2746 thymi-oe,
1240 2664 1296 2731 Αἱ.

155 2766 195 2830 91
233 2767 320 2831 οὕτω
355 2769 622 2847 προκόψειεν
653 2766 704 2830 ἂν
727 2768 746 2850 ἡ
769 2768 994 2844 ὑπόθεσις,
1032 2767 1088 2832 Ai.
1112 2767 1190 2850 257,
1222 2769 1295 2851 201,

154 2871 206 2936 ΕΙ.
231 2872 304 2952 632,
328 2871 382 2935 ΕΙ.
405 2872 479 2949 448,
505 2872 599 2953 1384,
631 2871 733 2958 Hipp.
759 2872 831 2952 713,
864 2871 916 2936 El.
941 2872 993 2953 82,
1026 2871 1111 2938 Phil.
1135 2872 1209 2956 812,
1240 2872 1295 2940 Or.

153 2976 217 3040 649
240 2979 568 3059 κροθεραιτεύει
599 2980 674 3041 τὸν
704 2977 941 3060 ἀκροατήν,
975 2976 1175 3063 011281),
1210 2977 1294 3045 Don.

154 3081 220 3145 An.
246 3081 318 3146 399.
333 3081 361 3160 3,
387 3082 503 3163 6071,
528 3081 591 3145 623
606 3080 639 3163 2),
663 3081 744 3147 Ηεο.
768 3082 842 3147 789.
855 3081 884 3159 2,
909 3080 970 3145 Ph.
993 3081 1144 3149 7841110.
1168 3086 1231 3150 etc.

238 3185 387 3250 Restant
410 3186 494 3251 duae
518 3209 572 3252 res
597 3187 799 3252 tractandae
822 3191 857 3251 et
879 3186 1023 3273 primum
1048 3187 1182 3273 quidem
1203 3187 1294 3256 hece.

151 3288 229 3355 Scil.
254 3290 321 3355 etsi
343 3291 377 3354 in
401 3313 619 3376 personarum
633 3292 781 3357 moribus
798 3291 1016 3357 instituendis
1040 3293 1231 3360 oeconomia
1253 3293 1294 3360 ad

150 3416 309 3458 summam
325 3396 456 3481 tragico
472 3420 539 3461 non
555 3396 623 3462 alia
643 3401 696 3462 est
713 3399 815 3483 atque
831 3397 955 3463 comico
972 3400 1102 3483 poetae,
1127 3401 1241 3466 tamen
1256 3401 1294 3464 ut

149 3501 322 3587 proprium
334 3498 536 3587 assequatur
549 3503 759 3589 propositum
774 3502 874 3588 paulo
885 3502 988 3568 aliter
1001 3524 1104 3587 agere
1111 3502 1212 3570 debet
1223 3510 1293 3570 tra·

148 3605 242 3690 gicus
265 3609 367 3692 atque
391 3607 543 3672 comicus.
590 3607 637 3672 Et
661 3607 702 3673 de
725 3607 864 3673 consilio
880 3607 1006 3691 tragici
1021 3607 1156 3694 quidem
1174 3611 1293 3695 poetae

150 3710 289 3796 proprio
301 3709 383 3776 haec
396 3709 522 3775 scholia
534 3711 723 3777 adhibenda
736 3715 816 3777 sunt
829 3737 834 3775 :
860 3712 897 3777 Ο.
912 3712 954 3776 R.
968 3712 1009 3776 93
1022 3713 1115 3791 αὔξει
1128 3713 1146 3778 ὁ
1157 3715 1294 3798 ποιητὴς

148 3816 186 3878 τὸ
203 3816 247 3890 ὡς
270 3814 481 3881 εὐνοϊκὸν
505 3812 609 3898 ἦθος
631 3827 691 3883 τοῦ
709 3820 901 3896 Οἰδίποδος,
927 3817 1016 3894 ὅκως
1039 3818 1225 3896 αὔξοιτο
1247 3819 1294 3884 τὰ

148 3929 223 4002 τῆς
246 3922 503 4008 τραγῳδίας
537 3922 678 4002 ὕστερον
714 3926 822 3987 αἰτίαν
856 3924 960 3987 αὐτοῦ
993 3934 1060 3986 τῶν
1083 3935 1194 3988 κακῶν
1217 3923 1293 3989 ἀνα-

149 4025 374 4109 φαινομένον,
410 4025 447 4090 Ο.
471 4026 514 4091 R.
538 4026 580 4090 34
613 4027 648 4091 ἐκ
679 4029 801 4093 τούτου
839 4027 1293 4112 καθητικωτέραντὴν

240 4187 266 4253 1)
286 4183 316 4238 oi
333 4187 582 4256 ἀκριβολογοῡντες
600 4195 664 4242 sunt
683 4189 716 4255 ci,
737 4190 784 4255 qui
803 4189 977 4243 oeconomiae
999 4174 1118 4243 student.

237 4280 264 4343 2)
285 4276 412 4328 Scholion
425 4277 579 4330 mutilatum
600 4277 665 4343 quid
685 4278 738 4331 sibi
758 4279 874 4331 voluerit
892 4277 974 4332 facile
987 4278 1128 4347 supplebis
1148 4295 1163 4332 e
1182 4277 1293 4334 scholiis

147 4370 229 4417 antea
248 4365 374 4417 enotatis¹
