2946 4734
622 351 826 416 „32-

170 533 272 590 Tibull.
292 530 331 585 IV
352 531 376 596 1,
393 529 441 584 182

303 618 436 680 Fortuna,
455 619 487 670 ut
506 633 564 670 mos
581 618 622 670 est
639 613 688 678 illi,
707 631 751 668 me
769 612 884 667 adversa
902 609 1012 679 fatiget.

173 713 250 768 Ovid.
270 709 373 765 heroid.
392 708 481 762 11143

302 815 338 850 an
354 795 465 849 miseros
482 794 568 849 tristis
585 793 707 846 Fortuna
726 789 859 845 tenaciter
877 787 978 858 urget?

174 890 250 946 Ovid.
269 907 302 945 ex
320 891 408 943 Ponto
428 891 449 942 ll
470 889 493 952 7,
504 889 537 943 20
547 906 605 956 sqq.

303 976 440 1044 verbaque
458 975 595 1030 Fortunae
615 975 660 1028 vix
678 976 746 1044 puto
764 990 841 1043 posse
859 972 933 1028 dari:

304 1064 345 1117 est
364 1062 405 1115 illi
422 1079 503 1116 curae
518 1079 562 1116 me
580 1061 707 1131 perdere:
732 1076 856 1128 quaeque
874 1058 979 1113 solebat

306 1166 362 1204 esse
381 1148 457 1213 levis,
476 1151 601 1203 constans
620 1151 649 1203 et
667 1149 736 1202 bene
753 1149 830 1202 certa
848 1148 936 1200 nocet.

177 1243 278 1298 Tibull.
297 1244 309 1296 Ι
328 1243 353 1306 5,
363 1241 396 1295 70

310 1330 435 1384 versatur
452 1327 531 1382 celeri
549 1327 614 1381 Fors
631 1327 698 1381 levis
714 1327 780 1381 orbe
798 1329 885 1382 rotae.

177 1425 259 1493 Prop.
279 1423 304 1476 II
323 1423 374 1486 8,7

273 1567 277 1575 ⁴
312 1509 406 1564 omnia
424 1511 577 1572 vertuntur,
603 1511 676 1562 certe
694 1509 840 1561 vertuntur
857 1521 972 1559 amores.

180 1603 259 1658 ovid.
279 1603 351 1657 trist.
370 1602 395 1657 V
413 1602 438 1672 8,
449 1604 463 1656 7
475 1620 514 1670 sq.

342 1706 392 1744 nec
411 1689 509 1743 metuis
527 1687 611 1741 dubio
629 1688 767 1742 Fortunae
785 1687 886 1742 stantis
902 1687 932 1742 in
950 1689 1015 1744 orbe

394 1792 497 1830 numen
516 1778 544 1830 et
562 1791 657 1829 exosae
676 1774 760 1829 verba
778 1776 895 1846 superba
913 1776 1002 1830 deae?

149 1869 261 1933 Addas
283 1869 375 1935 Ovid.
400 1875 518 1934 metam
541 1870 580 1933 lll
600 1871 655 1934 141
669 1891 716 1952 sq.
739 1870 779 1934 Vl
802 1873 860 1935 195
872 1891 918 1953 sq.
942 1871 1012 1935 VIII
1028 1872 1068 1936 73
1083 1891 1130 1954 sq.
1153 1871 1255 1936 Xooa
1269 1890 1314 1952 sq.

149 1969 219 2033 XIII
242 1972 302 2035 333
314 1991 361 2052 sq.
394 1971 473 2034 trist.
498 1973 512 2034 I
534 1972 562 2048 5,
575 1971 615 2035 27
627 1991 673 2052 sq.
707 1971 732 2032 V
752 1972 781 2049 8,
797 1972 834 2033 15
846 1991 893 2052 sq.
916 1971 943 2033 V
967 1972 1014 2050 14,
1027 1971 1068 2036 29
1081 1991 1129 2053 sq.
1159 1991 1199 2036 ex
1221 1971 1315 2034 Pout.

148 2069 188 2132 III
212 2072 239 2149 1,
254 2071 313 2133 125
326 2091 372 2152 sq.
396 2071 436 2133 IV
459 2072 487 2147 3,
500 2070 527 2133 7.

231 2175 311 2241 Cum
336 2180 427 2241 tanta
450 2177 491 2240 sit
509 2177 669 2240 Fortunae
692 2176 908 2240 inconstantia
930 2181 962 2240 et
985 2176 1114 2256 invidia,
1137 2196 1316 2261 numquam

149 2277 297 2340 homines
314 2277 483 2357 providere
497 2279 641 2357 possunt,
659 2276 737 2357 quid
755 2276 914 2340 crastinus
932 2276 1013 2340 ierat
1028 2276 1104 2340 dies.
1149 2276 1194 2341 At
1211 2282 1317 2342 certae

150 2379 183 2438 et
203 2376 403 2439 inevitabiles
426 2376 594 2439 immInent
616 2395 702 2439 mors
725 2379 757 2438 et
781 2381 943 2454 senectus,
974 2377 1090 2458 quibus
1111 2396 1225 2442 omnes
1247 2379 1317 2460 pul·

149 2475 339 2538 chritudinis
360 2479 391 2539 et
410 2475 587 2550 iuventutis
609 2476 726 2555 gaudia
749 2480 895 2556 pereunt.
939 2475 1027 2553 Quas
1049 2476 1204 2557 quoniam
1223 2495 1317 2540 uerno

149 2594 304 2656 umquam
327 2575 466 2655 effugere
493 2578 616 2656 potest,
647 2579 798 2655 poetae
828 2575 943 2639 vitae
976 2575 1191 2641 brevitate
1223 2582 1317 2641 ante

150 2676 293 2739 oculos
325 2675 467 2757 posita
501 2676 552 2738 ad
584 2674 800 2739 amandum
836 2680 873 2740 et
905 2676 1134 2758 potandum
1169 2675 1317 2740 adhor-

151 2780 306 2841 tantur.
350 2776 398 2839 Ac
425 2776 564 2856 primurn
596 2775 725 2856 quidem
757 2795 878 2856 paucos
902 2776 1103 2839 subscribam
1126 2776 1231 2854 locos,
1264 2777 1315 2858 qui

149 2877 189 2939 dc
213 2876 430 2939 humanarum
451 2894 559 2937 rerum
582 2875 799 2938 imbecilitate
822 2878 853 2938 ct
875 2875 1008 2939 instanti
1029 2877 1134 2939 morte
1155 2880 1275 2958 agunt:

189 2979 333 3036 Menandri
351 2980 403 3049 frg.
423 2979 578 3048 301,5sqq.
599 2979 629 3031 K.
646 2981 682 3032 lll
699 2997 726 3048 p.
746 2980 780 3033 85

349 3060 507 3123 ἀθανασίας
526 3060 555 3116 δ’
577 3061 627 3117 οὐκ
646 3064 730 3134 ἔστιν,
750 3060 813 3117 οὐδ’
832 3060 867 3117 ἂν
885 3060 1055 3136 συναγάγῃς,

348 3148 381 3204 τά
407 3149 549 3204 Ταντάλου
569 3147 679 3204 τάλαντ’
698 3149 793 3204 ἐκεῖνα
812 3148 960 3221 λεγόμενα·

347 3233 405 3289 ἄλλ’
427 3233 571 3290 (incitaret
586 3239 633 3291 καὶ
652 3237 739 3290 ταῦτα
759 3239 941 3304 καταλείψεις
961 3237 1041 3288 τισίν.

187 3332 268 3402 Prop.
288 3335 310 3386 II
332 3333 371 3395 ll,
382 3334 397 3385 3
407 3350 447 3400 sq.

347 3419 448 3486 omnia,
465 3419 543 3473 crede
563 3417 639 3481 mihi,
660 3421 749 3472 tecum
769 3432 823 3469 unc
840 3433 955 3469 munera
972 3415 1042 3468 lecto

414 3508 519 3560 auferet
537 3504 653 3559 extremi
676 3502 778 3557 funeris
795 3505 857 3557 atra
875 3502 940 3555 dies.

190 3600 269 3669 Prop.
288 3601 324 3652 III
342 3599 459 3666 5‚13sq.

348 3685 421 3739 haud
441 3685 509 3738 ullas
527 3683 652 3753 portabis
671 3699 734 3750 opes
754 3680 915 3733 Acherontis
936 3679 972 3732 ad
990 3679 1091 3732 undas:

417 3771 505 3825 nudus
524 3776 554 3825 at
572 3771 688 3830 inferna,
709 3769 798 3830 stulte,
820 3766 917 3821 vehere
935 3769 1003 3820 rate.

155 3867 238 3929 Tum
260 3867 291 3929 io
315 3868 487 3931 comoediis
510 3872 541 3930 et
573 3866 668 3945 elegis
691 3862 898 3926 usitatissima
925 3860 1083 3924 sententIa
1104 3862 1152 3921 est
1174 3855 1320 3920 omnibus

155 3965 355 4044 homiuibus
386 3974 417 4031 et
439 3964 667 4048 potentissimis
689 3968 719 4025 et
742 3961 902 4025 ditissimis
922 3966 953 4024 et
976 3957 1215 4041 pulcherrimis,
1237 3955 1318 4018 mam

156 4065 228 4128 Orci
253 4086 321 4128 esse
343 4067 526 4141 terendam,
550 4065 589 4127 de
611 4084 676 4145 qua
699 4063 861 4126 conferas:
