2924 4734
522 1028 827 1128 Praefatio.

171 1294 326 1357 Tractare
357 1297 490 1357 coriatus
516 1313 586 1356 sum
620 1295 868 1357 consolationem
898 1293 939 1356 ad
965 1291 1085 1354 Liviam
1109 1290 1260 1368 Ausgusti

85 1414 221 1457 uxorem
252 1395 292 1456 de
321 1397 421 1457 morte
445 1394 536 1457 Drusi
558 1393 693 1458 Neronis
715 1394 767 1456 filii
801 1394 853 1474 qui
876 1412 961 1455 anno
984 1391 1025 1454 lX
1047 1412 1076 1473 p.
1096 1390 1151 1454 Ch.
1174 1412 1204 1453 n.
1228 1391 1259 1453 in

84 1493 260 1556 Germania
277 1495 389 1557 morbo
409 1494 508 1574 periit,
530 1495 571 1557 ab
592 1495 712 1557 incerto
735 1495 877 1574 quodam
900 1496 994 1573 poeta
1009 1511 1143 1554 romano
1162 1492 1260 1572 scrip·

84 1596 156 1655 tam
181 1593 360 1675 Ovidioque
380 1594 457 1657 falso
478 1595 677 1657 attributam.
710 1592 768 1656 Cui
790 1592 922 1657 carmini
943 1592 1123 1655 inscribitur
1147 1611 1258 1655 conso-

85 1691 166 1754 latio
189 1692 228 1755 ad
252 1693 372 1761 Liviam
395 1695 592 1773 Augustam3
615 1694 689 1756 inde
712 1695 753 1756 ab
775 1693 918 1773 Hauptio
947 1691 1108 1772 epicedion
1129 1710 1258 1772 quoque

84 1791 183 1854 Drusi
205 1794 375 1873 appellant.
405 1795 512 1875 Atque
534 1794 615 1858 duas
635 1794 771 1856 maxime
793 1794 825 1855 in
849 1813 896 1855 res
911 1791 1100 1867 tractandas
1114 1791 1256 1854 animum

85 1891 210 1966 induxi,
233 1892 368 1972 primum
393 1893 476 1955 enim
497 1892 655 1974 inquirere
678 1892 794 1967 studui,
819 1895 1015 1972 quantopere
1036 1889 1258 1953 consolationis

85 1992 132 2053 ad
147 1990 267 2054 Liviam
289 1993 422 2073 scriptor
443 2012 476 2055 se
497 1993 703 2073 applicaverit
721 1993 761 2055 ad
777 1991 925 2054 Ovidium
946 1994 1130 2072 ceterosque
1147 1994 1257 2070 poetas

84 2111 248 2166 ronmnos,
272 2092 386 2156 deinde
408 2093 474 2155 fieri
495 2112 559 2155 non
583 2094 685 2174 potuit
703 2093 778 2174 quin
801 2092 974 2155 deducerer
988 2091 1030 2154 ad
1047 2094 1151 2154 cetera
1173 2091 1257 2153 eius-

84 2192 161 2254 dem
185 2194 305 2268 generis
329 2193 471 2255 carmina
491 2193 702 2255 consolatoria
729 2213 768 2254 ex
796 2191 985 2271 antiquitate
1016 2191 1106 2253 nobis
1129 2191 1254 2254 tradita.

84 2292 135 2354 De
156 2289 349 2354 Graecorum
372 2297 480 2354 autern
503 2297 534 2354 et
550 2292 771 2354 Romanorum
787 2291 909 2370 scriptis
926 2291 1150 2367 consolatoriis,
1173 2311 1256 2372 quae

83 2411 152 2455 non
176 2395 250 2453 sunt
272 2392 412 2454 versibus
430 2393 605 2472 composita
629 2395 660 2454 ct
682 2391 838 2454 debentur
855 2390 1050 2471 pbilosophis
1073 2394 1103 2452 et
1122 2391 1255 2453 rhetori-

82 2490 149 2554 bus
176 2491 341 2572 antiquie„
360 2491 452 2572 plane
479 2492 541 2555 iam
564 2491 706 2554 disseruit
731 2491 778 2553 vir
801 2491 913 2553 doctus
934 2489 1065 2553 Carolus
1086 2489 1253 2570 Buresch¹l

83 2595 117 2654 et
141 2592 294 2672 imprimis
316 2591 366 2653 hic
389 2593 552 2672 perspicue
574 2591 764 2672 explanarit,
788 2610 806 2652 a
822 2590 936 2671 quibus
952 2590 1124 2669 originibus
1143 2610 1254 2654 conso-

81 2690 219 2755 lationes
241 2695 329 2754 ortae
351 2696 381 2753 et
404 2691 545 2754 excultae
568 2691 630 2753 sint
653 2693 683 2752 et
708 2690 868 2767 quomodo
899 2691 980 2752 inter
1004 2709 1038 2751 se
1064 2690 1256 2753 cohaereant

81 2791 283 2872 argumentis
306 2791 538 2872 philosophicis.
582 2790 641 2854 Hie
670 2809 798 2871 quoque
828 2789 972 2853 concedit
994 2787 1080 2871 (pl)
1105 2791 1255 2871 principia

82 2891 182 2955 huius
205 2891 379 2952 litterarum
408 2891 531 2981 genesis
562 2890 667 2953 deberi
693 2889 918 2971 antiquissimis
951 2890 1052 2971 poetis
1085 2893 1115 2952 et
1144 2893 1254 2970 poetas

81 2991 197 3054 eodem
221 2990 317 3052 modo
340 3009 403 3071 quo
426 2991 457 3052 in
480 2989 590 3053 ceteris
604 2990 699 3052 rebus
717 2989 812 3052 etiam
832 2989 863 3051 iu
879 2989 1146 3052 consolationibus
1162 3009 1254 3070 prae-

81 3088 215 3152 cessisse
237 3089 441 3169 philosophos
465 3093 496 3152 et
519 3093 627 3170 postea
645 3089 848 3169 philosophos
865 3089 985 3167 optima
1005 3108 1150 3170 quaeque
1168 3109 1185 3151 e
1200 3109 1253 3152 ve-

82 3194 189 3251 terum
221 3192 386 3269 poelarum
411 3189 604 3250 carminibus
623 3189 826 3268 excerpsisse.
859 3188 967 3268 Atque
990 3188 1089 3267 pergil
1111 3187 1251 3252 Buresch

80 3288 128 3370 (p.
149 3291 200 3360 5);
230 3287 472 3369 »Eplcerlierrnn
493 3295 520 3350 et
541 3287 720 3350 threnorum
736 3308 833 3370 pentes
855 3288 1106 3367 antiquissimum
1128 3309 1191 3351 uon
1207 3309 1254 3351 se·

80 3393 150 3453 turn
172 3394 308 3450 mortuos
329 3387 460 3468 deflebat
482 3387 536 3451 sed
563 3389 655 3450 ettern
683 3389 861 3470 superstites
890 3387 1137 3450 eorrselubntur·.«
1183 3388 1254 3466 Qua

80 3489 125 3552 de
147 3506 275 3551 recum
299 3487 443 3549 nondum
465 3491 548 3550 extet
571 3487 720 3550 tractatio
743 3490 898 3568 quantum
923 3488 1005 3562 scio,
1035 3488 1181 3568 equidem
1204 3509 1254 3551 se-

80 3587 190 3650 cundo
218 3585 285 3648 loco
317 3587 392 3648 mihi
420 3587 568 3668 proposui
599 3586 757 3649 delineare
796 3587 886 3667 quasi
911 3585 1074 3648 historiam
1106 3588 1253 3651 carminis

79 3685 285 3750 consolatorii
309 3688 393 3767 apud
417 3685 554 3749 Graecos
576 3689 607 3748 et
630 3685 806 3761 Romanos,
836 3686 920 3748 unde
948 3685 1061 3749 clarius
1081 3687 1253 3750 illustretur

78 3784 259 3850 consolatio
275 3787 314 3848 acl
334 3786 465 3850 Liviam.
496 3785 608 3868 ltaque
622 3785 665 3847 sic
682 3786 901 3867 quaestionem
915 3785 1089 3861 instituam,
1105 3790 1140 3848 ut
1152 3787 1255 3868 primo

156 3952 185 4018 1)
205 3952 429 4006 Consolationum
448 3967 465 4004 a
485 3949 595 4004 Graecis
615 3949 802 4018 Romanisque
818 3950 985 4019 scriptarum
1011 3950 1127 4004 historia
1151 3951 1254 4006 critica.

77 4039 162 4109 urps.
185 4039 260 4093 raas.
1026 4107 1038 4158 l
