2946 4734
724 235 744 298 5

151 415 241 477 testie
262 415 363 496 ticoni
389 435 446 475 aru
474 414 558 477 decet
581 415 751 477 lucrinus«.
793 415 857 479 Sed
873 416 949 495 quid
971 435 1081 478 moror
1097 415 1129 478 in
1146 416 1241 478 rebus
1255 414 1320 478 iam

155 515 197 577 ab
214 513 283 577 aliis
305 514 555 577 demonstratis?
586 514 670 576 Nam
687 514 764 595 quin
788 514 962 578 consolatio
987 517 1028 578 ad
1044 516 1169 578 Liviam
1190 516 1231 578 ab
1250 513 1326 578 Ori-

153 614 206 677 dio
227 634 294 677 non
324 614 364 678 sit
386 614 572 694 composita,
605 618 715 677 nostra
747 619 853 677 aetate
883 635 978 677 nemo
1006 620 1090 678 certe
1112 617 1171 678 erit
1193 616 1248 697 qui
1271 617 1329 679 du-

154 715 242 777 bitet.
275 714 339 777 Sed
361 715 543 795 discrepant
559 714 642 777 inter
664 735 697 778 se
720 715 778 776 viri
794 715 888 787 docti,
915 715 962 777 cui
982 716 1127 796 scriptori
1150 719 1181 778 et
1202 716 1252 779 cui
1275 735 1328 778 ae-

155 816 214 878 tati
235 815 314 878 illud
335 835 465 877 carmen
494 814 534 877 sit
561 814 778 889 tribuendum,
823 815 1010 895 Scaliger
1038 816 1123 878 enim
1152 821 1183 879 et
1205 816 1329 879 Hein-

154 917 240 979 sius
270 920 302 979 et
324 911 656 993 Valckenarius1)
687 915 854 995 permagni
887 915 1138 979 aestimavermrt
1163 918 1328 997 epicedion

156 1020 189 1080 et
208 1035 405 1096 magnopere
426 1015 641 1078 laudaverunt
663 1035 767 1095 neque
789 1015 973 1096 antiquitati
996 1016 1159 1079 vindicare
1180 1022 1254 1079 sunt
1273 1038 1328 1080 ve·

154 1115 215 1178 riti.
262 1112 502 1195 Haupcius2)
526 1119 634 1177 autem
656 1115 864 1178 vehementer
885 1115 1030 1178 invectus
1052 1120 1098 1178 est
1124 1116 1156 1178 in
1179 1116 1328 1178 carminis

155 1221 321 1280 auctorem
333 1215 499 1295 multaque
514 1218 546 1278 et
561 1215 593 1277 in
612 1214 756 1278 oratione
775 1219 806 1277 et
819 1215 851 1276 in
873 1216 969 1278 rebus
991 1215 1137 1295 neglecta
1162 1235 1200 1278 ac
1222 1235 1328 1278 naeva

153 1317 394 1396 reprehendens
409 1334 447 1377 eo
459 1316 717 1396 argumentando
732 1315 886 1395 pervenit,
895 1319 932 1377 ut
942 1315 1070 1378 saeculo
1079 1315 1202 1378 decimo
1215 1315 1327 1396 quinto

153 1438 174 1480 a
188 1418 283 1479 docto
301 1416 443 1498 quodam
463 1416 543 1478 ltalo
562 1415 726 1495 epicedion
747 1415 958 1495 compositum
980 1436 1047 1478 esso
1068 1420 1204 1478 censeat.
1232 1415 1327 1492 Quod

151 1515 285 1596 Hanptii
308 1516 461 1579 iudicium
490 1516 782 1596 comprobaverrmt
810 1516 1095 1578 Lachmannus
1125 1520 1157 1579 et
1176 1516 1324 1579 Lucia-

151 1639 230 1682 nus
253 1613 451 1695 Mueller³)
474 1620 506 1679 et
526 1618 550 1680 J.
569 1614 767 1696 Maelrly4).
804 1615 926 1680 Deinde
944 1616 1106 1696 Gruppe
1126 1637 1325 1698 quamquam

152 1719 186 1781 in
208 1738 246 1781 eo
268 1718 358 1791 libre,
379 1737 477 1798 quem
499 1717 538 1779 de
556 1716 657 1796 elegia
681 1735 817 1778 romana
835 1716 969 1796 scripsit,
993 1717 1243 1780 consolationem
1267 1737 1325 1779 an·

151 1818 276 1899 tiquam
309 1838 376 1881 esse
405 1820 581 1897 negaverat
590 1814 632 1897 5),
669 1821 700 1878 et
731 1816 764 1878 in
786 1816 872 1879 Mino
901 1837 959 1880 suo
986 1838 1020 1880 se
1042 1816 1262 1897 applicaverat
1283 1817 1326 1879 ad

152 1917 286 1998 Hanptii
316 1914 540 1996 senteutia1n⁶)
568 1920 677 1979 tamen
708 1919 820 1996 postea
852 1917 884 1979 in
913 1917 1022 1980 Aeaco
1053 1917 1132 1980 dixit
1159 1915 1325 1996 epicedion

151 2017 261 2082 statim
290 2021 362 2096 post
384 2016 477 2079 Drusi
505 2017 620 2079 funera
651 2037 719 2079 esse
741 2014 991 2096 composnunu).
1034 2014 1193 2096 Adler⁸l
1216 2021 1325 2080 autem

151 2118 323 2181 existumat
352 2115 604 2179 consolationem
631 2116 674 2178 ad
702 2115 825 2178 Liviam
850 2136 1050 2198 quamquam
1079 2115 1230 2180 Ovidium
1256 2136 1323 2179 non

153 2219 275 2280 habeat
305 2221 479 2291 auctorem,
509 2219 619 2278 tamen
648 2216 804 2279 artissime
831 2238 864 2280 se
894 2216 1056 2297 applicare
1086 2218 1129 2280 ad
1151 2217 1323 2281 dictionem

152 2317 347 2380 Ovidianam
380 2320 413 2379 et
451 2316 559 2379 deberi
599 2316 692 2378 alicui
725 2319 840 2396 poetae
869 2316 982 2380 Ovidio
1018 2317 1154 2398 aequali.
1207 2317 1324 2380 Postea

153 2416 351 2480 Aemilius
369 2415 563 2479 Huebner
594 2416 635 2491 de
662 2415 804 2496 epicedio
836 2416 929 2479 Drusi
959 2416 1215 2481 dissertationem
1242 2416 1324 2480 Her-

148 2539 221 2582 mae
250 2514 433 2596 inseruit9),
464 2536 529 2596 qua
562 2516 670 2578 docuit
700 2519 907 2597 quantopere
929 2517 1092 2597 epicedion
1119 2518 1260 2597 pendeat
1284 2538 1323 2581 ex

149 2618 286 2681 aliorum
307 2621 478 2697 poetarum
499 2636 707 2679 romanorum
730 2617 935 2693 carminibus,
967 2623 998 2682 et
1027 2619 1059 2680 in
1088 2620 1229 2683 secundo
1251 2624 1324 2700 post

150 2718 224 2782 Chr.
236 2720 351 2780 natum
360 2717 489 2780 saeculo
503 2717 537 2780 id
550 2718 737 2798 ponendum
754 2737 821 2781 esse
836 2721 936 2798 putat.
972 2719 1168 2782 Aemilius
1189 2720 1322 2783 Baeh-

150 2838 244 2881 rens
273 2817 307 2880 in
335 2817 560 2880 consolationis
589 2819 717 2879 nostrae
748 2817 886 2880 editione
902 2816 938 2897 ¹⁰)
974 2818 1087 2881 tribuit
1115 2840 1187 2883 eam
1223 2820 1322 2901 equiti

149 2919 277 2982 cuidam
308 2936 442 2980 romano
475 2917 574 2980 musis
603 2916 711 2980 dedito
739 2917 897 2999 Drusique
925 2917 1090 2982 funeribus
1122 2919 1258 3001 aequali,
1290 2924 1321 2983 ct

152 3073 349 3081 --—-—--—

218 3156 242 3219 1)
264 3153 299 3207 M.
319 3154 416 3221 Haupt
431 3170 522 3221 opusc.
544 3153 565 3205 I.
587 3171 612 3222 p.
634 3153 692 3207 315.

217 3239 297 3307 2101.
318 3260 344 3309 p.
364 3241 387 3292 4.
407 3241 501 3293 adnot.
523 3239 547 3294 3.

217 3327 243 3396 3)
264 3325 302 3380 De
321 3343 351 3379 re
369 3328 447 3379 metr.
469 3327 542 3379 1861.
562 3344 587 3394 p.
607 3328 647 3379 50.

218 3414 244 3479 4)
265 3410 476 3465 Observationes
493 3411 527 3465 de
536 3411 618 3465 Drusi
637 3415 722 3480 atque
739 3411 907 3467 Maecenatis
926 3411 1055 3480 epicediis
1070 3416 1121 3467 eto.
1151 3412 1234 3467 Basil.
1249 3415 1321 3468 1873.

217 3498 244 3566 5)
266 3498 354 3550 Berol.
375 3497 448 3550 1839.
468 3497 488 3550 Ι.
508 3517 535 3567 p.
555 3497 613 3550 389.

219 3583 246 3652 6)
265 3581 337 3650 Lips.
358 3583 433 3634 1859.
453 3601 478 3650 p.
498 3581 548 3635 493
568 3601 627 3650 sqq.

216 3671 244 3730 7)
265 3669 352 3722 Berol.
373 3669 448 3722 1871.
468 3686 494 3736 p.
517 3671 565 3722 156
584 3688 643 3738 sqq.

213 3756 242 3821 8)
262 3755 300 3808 De
319 3755 347 3807 P.
356 3754 444 3812 Ovidii
456 3755 573 3810 Nasonis
592 3774 663 3823 quae
683 3756 772 3813 fertur
791 3756 978 3810 consolatione
998 3756 1032 3808 ad
1051 3755 1155 3810 Liviam
1168 3757 1319 3824 Augustam

147 3841 180 3896 de
199 3844 289 3895 morte
309 3840 393 3894 Drusi
408 3841 527 3896 Neronis
552 3842 603 3896 filii
627 3843 685 3897 eius
709 3844 818 3912 scripsit
836 3845 864 3897 F.
876 3843 926 3896 Th.
945 3842 1038 3895 Adlor.
1066 3843 1188 3895 Anulum.
1212 3845 1284 3895 1851.

214 3929 241 3995 9)
259 3928 353 3981 Herm¹
376 3928 451 3981 XIII.
473 3929 546 3982 1878.
567 3947 593 3997 p.
615 3930 663 3982 145
683 3947 744 3996 sqq.

219 4014 263 4085 10)
279 4014 309 4069 P.
327 4015 357 4068 L.
377 4015 413 4068 M.
433 4014 454 4068 I.
474 4015 550 4069 1879.
570 4033 596 4083 p.
617 4017 649 4090 91
668 4033 727 4083 sqq.
762 4084 765 4091 .
