2946 4734
722 233 764 299 24

148 421 195 480 est
217 417 331 480 mirum
354 416 385 479 in
407 415 610 491 Archilocho,
638 414 694 496 qui
714 433 849 495 semper,
876 414 931 478 ubi
962 417 1170 497 comploravii
1190 418 1234 482 rei
1255 439 1314 501 pu-

148 516 249 580 blicae
266 520 298 579 et
312 514 449 579 familiae
472 515 602 592 damna,
619 513 772 577 invictam
794 533 861 578 esse
884 516 948 578 vim
967 515 1105 579 fatorum
1124 517 1198 582 dicit
1214 524 1245 581 et
1259 519 1315 583 de-

148 632 258 679 orum:
292 615 425 695 frg.16:

210 713 324 778 πάντα
344 713 425 797 τύχη
447 713 501 774 καί
522 715 630 792 μοῖρα,
653 708 833 791 Περίκλεες,
854 709 950 792 οἷνδρὶ
972 712 1117 777 δίδωσιν.

149 820 180 878 et
200 816 259 896 frg.
281 816 336 878 56:
370 817 436 886 τοῖς
456 815 548 885 θεοῖς
567 814 661 874 τιθεῖ
677 809 720 870 τά
742 807 856 870 πάντα
877 809 943 874 κτλ.

149 936 181 996 et
201 932 282 996 redii
304 931 346 995 ad
369 929 663 994 commendandum
685 926 829 990 animum
853 946 1003 1009 aequum,
1027 929 1085 1011 frg.
1109 930 1165 995 66.Ι

213 1051 314 1129 Θυμέ,
336 1045 419 1127 θύμ’
440 1043 639 1128 ἀμηχάνοισι
657 1041 790 1127 κήδεσιν
812 1050 985 1123 κυκωμένε,

209 1146 328 1210 ἐνάδευ
350 1147 521 1226 δυσμενῶν
545 1144 573 1206 δ’
596 1144 712 1220 α’λέξευ
735 1142 935 1228 προσβαλῶν
958 1144 1108 1207 ἐναντίον

214 1257 360 1329 στέρνον,
384 1247 420 1309 ἐν
441 1247 585 1308 δοκοῖσιν
608 1245 738 1324 ἐχθρῶν
759 1243 900 1326 πλησίον
920 1247 1144 1319 κατασταθεὶς

210 1346 385 1430 οἷσφαλέως
397 1363 403 1377 ·
415 1347 468 1408 καί
489 1344 573 1428 μήτε
595 1347 690 1407 νικῶν
713 1342 875 1427 οἷμφάδην
895 1341 1044 1423 άχάλλεο,

171 1450 199 1513 5.
219 1445 302 1534 μήτε
323 1445 467 1528 νικηθεὶς
488 1445 523 1507 ἐν
545 1445 621 1524 οἴκῳ
643 1444 843 1507 καταπεσών
867 1442 993 1525 ὀδύρεο.

213 1546 296 1610 α’λλά
318 1547 487 1625 χαρτοῖσίν
508 1566 544 1604 τε
566 1548 660 1625 χαῖρε
681 1543 735 1605 καὶ
757 1548 905 1607 κακοῖσιν
925 1541 1058 1623 α’σχάλα

212 1647 256 1730 μη
277 1645 528 1726 λιήνχίχνωσκε
551 1643 580 1705 δ’
601 1635 666 1717 οἷος
687 1643 809 1726 ρυσμός
827 1642 1027 1725 οἷνθρῶπους
1050 1645 1123 1722 ἔχει.
1182 1640 1260 1723 (arg.
1280 1637 1316 1717 1.)

234 1762 370 1827 Pericles
392 1766 500 1825 autem
522 1762 572 1825 ille
595 1762 638 1825 ad
659 1782 756 1843 quern
772 1762 891 1842 scripio
912 1765 958 1826 esi
976 1761 1076 1842 elegia
1094 1753 1317 1830 consolatoria,

152 1867 307 1944 cognatus
323 1860 372 1925 vel
391 1862 512 1925 anricus
527 1862 582 1924 fuir
596 1860 790 1938 Archilochi,
809 1862 859 1924 cui
874 1865 986 1943 poslee
1002 1861 1132 1924 infestus
1153 1861 1200 1922 est
1216 1856 1318 1918 iactus

152 1963 298 2026 iiradene
328 1961 496 2025 Athenaeo
523 1961 564 2024 ab
586 1959 778 2024 Archilocho
805 1960 928 2024 illurn
920 1961 990 2023 nris
991 1981 1048 2024 um
1074 1979 1140 2026 esse
1163 1961 1199 2021 ui
1222 1975 1318 2038 pare·

151 2060 304 2143 show).
334 2060 414 2125 Curn
439 2061 498 2124 illis
524 2061 692 2141 fragment
684 2081 710 2124 rs
730 2079 829 2141 supra
853 2060 937 2124 alla
918 2065 956 2123 ιε
985 2060 1157 2124 cohaerent
1143 2056 1319 2120 tioncsse

152 2162 216 2225 duo
238 2161 309 2240 alia
334 2181 471 2242 quorum
493 2161 638 2237 alierum
662 2161 786 2241 frg.10‚
809 2154 1319 2281 commemoraiidonaluqubria

151 2261 301 2342 Neptuni,
324 2260 365 2323 ad
387 2261 591 2341 naufragium
607 2260 725 2326 scilicet
746 2265 910 2341 spectans:
932 2256 1127 2340 κρίπτωμεν
1150 2257 1179 2318 δ
1199 2256 1319 2339 οἷνιηρά

152 2359 381 2431 Ποσειδάωνος
402 2354 542 2432 ἄνακτος
561 2358 659 2440 δῶρα,
689 2361 834 2437 alierum,
864 2360 923 2441 frg
946 2361 1000 2437 li,
1028 2358 1084 2423 ubi
1104 2358 1246 2440 loquiiur
1206 2359 1319 2422 urde

152 2461 226 2525 viris
247 2460 386 2524 reditum
406 2460 482 2524 deos
503 2457 735 2541 precantibus?

214 2576 320 2639 πολλά
344 2576 373 2638 δ’
393 2575 600 2654 ἐϋπλοκάμου
622 2574 736 2658 πολιῆς
757 2575 834 2648 άλδς
856 2576 890 2638 ἐν
912 2575 1130 2655 πελάγεσσιν·

214 2675 421 2756 θεσσάμενοι
442 2673 593 2755 γλυκερόν
614 2672 735 2738 νόστον
747 2725 753 2738 .
764 2722 805 2738 ...

235 2795 263 2856 h.
287 2793 457 2857 Simonidis
472 2793 637 2873 Amorgini
659 2793 752 2857 nobis
767 2793 922 2857 traditum
945 2797 993 2857 est
1012 2793 1073 2856 hoc
1097 2813 1227 2857 carmen
1248 2812 1320 2857 ver-

153 2896 240 2959 sibus
261 2894 393 2958 senariis
416 2893 638 2974 compositum,
662 2894 750 2975 quod
770 2897 818 2957 esi
836 2894 894 2974 frg.
919 2895 934 2957 1
958 2894 1046 2975 apud
1066 2892 1253 2974 Bergkiurn:

212 3003 246 3075 Ὦ
268 3015 341 3090 παῖ,
364 3011 453 3083 τέλος
473 3015 535 3092 μὲν
557 3010 637 3084 Ζεδς
659 3013 724 3090 ἕχει
745 3009 952 3092 βαρύκτυπος

215 3111 350 3173 πάντων
371 3108 421 3174 o'c'
443 3113 522 3192 ἔστι,
544 3113 598 3173 καὶ
620 3114 733 3195 τίθησ’
754 3110 821 3197 ὅπη
843 3114 944 3177 θέλει·

216 3213 290 3283 νοῦς
309 3209 339 3270 δ’
362 3209 418 3271 οὐκ
439 3210 491 3272 ἐπ’
511 3209 749 3292 άνθρῶποισιν·
770 3213 839 3276 ἀλλ’
862 3211 1017 3297 ἐφήμεροι

216 3308 271 3372 αἐί
290 3311 399 3391 βροτοὶ
422 3310 463 3393 δη
485 3315 597 3392 ζῶμεν,
620 3312 716 3375 οὐδὲν
738 3311 868 3392 εἰδότες,

177 3412 207 3475 5.
219 3407 308 3482 ὅπως
329 3410 467 3474 ἕκαστον
488 3411 709 3496 ἐκτελευτήσει
729 3411 820 3486 θεός·

217 3508 309 3581 ἐλπὶς
329 3509 367 3571 δὲ
387 3509 518 3583 πάντας
534 3511 751 3593 κάπιπειθείη
775 3526 886 3595 τρέμει

217 3605 385 3690 άπρηκτον
406 3608 627 3690 ὁρμαίνοντας·
653 3611 683 3673 οἱ
699 3615 760 3693 μέν
779 3610 900 3693 ἡμέρην

217 3716 371 3789 μένουσιν
392 3708 515 3788 ἐλθεῖν,
535 3708 566 3772 οἱ
588 3711 618 3772 δ’
637 3711 736 3773 ἐτέων
755 3708 965 3793 περιτροπάς·

217 3817 321 3870 νέωτα
340 3808 369 3869 δ’
391 3808 498 3882 ου’δεὲς
517 3806 605 3883 ὅστις
626 3811 664 3873 οὐ
682 3811 785 3873 δοκέει
803 3813 928 3891 βροτῶν·

228 3974 253 4041 1)
273 3973 325 4042 frg.
346 3976 387 4028 78.
407 3977 509 4031 Athen.
529 3977 548 4031 Ι.
569 3983 593 4032 7.
614 3979 648 4031 F:
671 3980 712 4030 δτι
735 3981 794 4048 περὶ
811 3980 960 4045 Περικλέους
977 3980 1051 4044 φησὶν
1068 3977 1214 4048 Ἀρχίλοχος
1231 3974 1243 4026 ὅ
1262 3974 1324 4024 Πα·

158 4080 209 4128 ριος
225 4063 332 4127 ποιητής
347 4061 382 4120 ,ῶς
402 4065 556 4130 »ἀκλήτου
575 4068 810 4124 ῖπιοπαίοντος
828 4069 870 4124 εἰς
888 4066 928 4116 τά
947 4064 1104 4124 συμπόσια
1123 4065 1191 4121 κτλ(
