2946 4734
146 449 266 516 πρέπον,
285 447 413 502 decorum
434 454 485 502 etc.
505 450 548 516 77,
563 451 606 516 78,
625 451 658 502 57

147 539 311 606 προαίρεσις
330 540 365 591 64

147 628 353 695 προοικονομία
373 630 405 680 51

150 713 371 784 προπαρασιενή
390 723 441 770 etc.
462 720 506 783 49,
526 719 559 770 51

149 806 229 874 παρά
247 807 423 874 προσδοκίαν
442 810 476 860 57

150 893 315 963 πρόσκεισαι
334 894 349 949 ὁ
369 893 510 962 ἀκροατής
529 898 563 950 53

150 983 387 1054 προσκρονστικάς
405 989 440 1040 83
460 990 553 1039 annot.
573 985 602 1054 2)

150 1073 380 1146 προσλαμβάνειν
398 1074 430 1128 τὸ
451 1067 523 1143 ἦθος
542 1079 577 1130 46

151 1173 380 1232 προσοινειοῦσαι
399 1163 414 1218 ὁ
434 1161 577 1231 ἀκροατής
595 1167 629 1218 53

153 1249 199 1308 ἐπὶ
217 1263 255 1327 τῷ
273 1251 449 1324 προσχήματι
468 1257 502 1308 83
524 1260 617 1307 annot.
634 1254 663 1323 2)

153 1343 232 1411 παρὰ
251 1343 286 1397 τά
305 1341 442 1411 πρόσωπα
461 1346 504 1408 50,
524 1345 557 1396 57

154 1438 345 1502 protestantur
364 1431 524 1500 tragoediae
543 1434 577 1485 58

154 1524 366 1594 προσρανῳδεῖν
385 1525 418 1576 53

154 1613 282 1666 satiricus
304 1617 354 1665 etc.
376 1614 411 1665 84

155 1702 250 1755 schola
269 1707 320 1754 etc.
340 1704 374 1754 82

700 275 744 340 88

784 447 925 516 speculum
944 446 1018 502 vitae
1036 451 1087 502 etc.
1107 447 1142 501 56

785 534 973 605 στοχάζεσθαι
998 544 1049 591 τοῦ
1068 532 1161 602 ἤθους
1182 541 1234 590 etc.
1255 539 1299 604 38,

858 628 901 691 56,
921 629 957 680 50
1056 640 1061 659 ²

784 715 817 769 rb
837 714 1003 769 συνεκτικὸν
1020 721 1070 784 τῆς
1090 712 1255 778 ὑποθέσεως
1264 719 1300 770 49

786 802 914 877 συνῳδόν
932 807 968 859 59

786 895 925 949 theatrum
944 897 979 949 82

772 984 856 1038 utile
875 990 926 1039 etc.
947 987 982 1038 80

787 1073 838 1126 sub
857 1073 949 1128 verbis
968 1077 1002 1128 84

789 1163 914 1218 veritatis
933 1162 1096 1234 (ἀληθείας)
1109 1163 1201 1234 imago
1211 1168 1255 1234 56,
1267 1169 1301 1220 57

787 1252 823 1306 τὰ
860 1253 1042 1322 ὑποκείμενα,
1080 1252 1112 1309 τὸ
1144 1253 1304 1323 ὑφεστηκὸς

860 1336 935 1412 ἦρος
952 1346 996 1412 σε,
1015 1345 1050 1396 56

790 1431 996 1501 φιλάνθρωπος
1013 1429 1096 1502 λόγος
1114 1435 1148 1487 88

790 1520 943 1591 φυλάσσειν
955 1520 987 1576 τὸ
1000 1514 1075 1591 ἦθος
1086 1527 1138 1577 ete.
1152 1524 1195 1591 57,
1209 1524 1254 1590 60,
1266 1525 1302 1576 61

790 1613 873 1680 φύσει
892 1607 1016 1666 ἑοικέναι
1035 1615 1068 1666 57

789 1698 1015 1773 χαρακτηρισμός
1033 1708 1084 1756 ete.
1106 1705 1149 1769 30,
1168 1704 1203 1757 33
1291 1700 1294 1705 ’

155 1805 266 1844 servare
279 1790 354 1857 leges
367 1805 546 1858 personarum
560 1797 612 1844 etc.
622 1793 664 1859 56,
721 1764 724 1860 λ
789 1790 921 1862 ψοχρεάο
940 1792 974 1846 76

228 1882 263 1934 60
290 1883 323 1934 61

157 1921 343 2038 σμικρολόγος
367 1965 612 2040 ἐπιλαμβάνεσθαι
630 1972 665 2023 82

789 1890 904 1951 ψυχρῶς
939 1889 977 1953 τῷ
1014 1878 1127 1953 θεάτρῳ
1165 1880 1305 1950 προσδια-

861 1967 994 2038 λέγεσθαι
1012 1974 1056 2025 45.
