2946 4734
701 243 743 308 7ss

148 420 211 501 γάρ
235 418 436 505 ἀφαιρεθείη
465 428 523 502 τῆς
545 420 731 507 τραγῳδίας
759 421 797 484 τὸ
819 416 967 504 ἀξίωμα),
990 417 1074 484 ἀλλὰ
1095 420 1133 484 τὸ
1156 416 1295 503 εὐλαβὲς

148 524 366 605 ἐνδείκνυται,
402 522 525 589 Phoen.
549 523 614 589 395
637 522 716 589 οὐκ
748 522 994 608 ἀξιόχρεως
1024 523 1169 607 ἥρωος
1192 521 1210 588 ὁ
1234 525 1294 587 λό·

148 653 239 712 γος,
273 629 398 695 Phoen.
430 630 447 694 1
485 632 565 705 ἔθος
598 632 733 714 ἔχουσιν
767 630 803 695 οἱ
833 627 983 712 τραγικοὶ
1019 628 1184 711 παράγειν
1216 630 1295 704 τοὺς

148 735 169 818 ἥ
179 760 198 817 ρ
209 759 235 799 ω
246 759 293 812 ας
314 742 410 811 θεοῖς
432 736 490 811 τάς
513 735 689 818 συμφοράς
711 734 1040 818 άπολοφυρομένους.
1052 771 1096 780 —-
1108 732 1164 799 Ai.
1180 733 1244 799 134
1257 735 1294 798 τὸ

149 850 216 904 τῶν
247 842 464 924 αἰχμαλώτων
491 840 722 922 κηδεμονικόν,
746 839 802 904 Ai.
827 839 888 904 201
917 841 955 905 αί
983 848 1194 905 τοιαῦται
1226 837 1295 904 scil.

150 944 350 1028 άιχμάλωτοι
392 956 549 1028 γυναῖκες
580 945 799 1010 ὑποτίθενται
833 946 970 1010 εὔνοιαν
1009 947 1094 1027 πρὸς
1129 947 1211 1020 τοὺς
1245 944 1295 1008 δε-

150 1052 283 1132 σπότας,
316 1051 360 1127 ὡς
383 1053 522 1134 Βρισηῒς
544 1053 628 1134 πρὸς
655 1049 807 1133 Ἀχιλλέα.
939 1139 943 1147 ι

237 1171 456 1240 Generaliter
478 1176 591 1239 autem
614 1173 656 1240 de
679 1172 819 1259 tragicis
842 1173 995 1261 personis
1016 1172 1224 1240 laudandum
1245 1180 1297 1239 est

98 1348 99 1351 ¹
151 1277 252 1344 schol.
277 1278 333 1344 Or.
361 1280 417 1343 ὑπ.
451 1281 489 1344 τὸ
525 1281 634 1363 δρᾶμα
666 1292 733 1344 τῶν
768 1278 821 1343 ἐπὶ
856 1289 982 1363 σκηνῆς
1015 1280 1295 1363 εὐδοκιμούντων,

150 1389 316 1467 χείριστον
340 1383 376 1448 δὲ
399 1396 468 1460 τοῖς
490 1387 610 1468 ἤθεσι·
634 1388 722 1467 πλὴν
744 1387 807 1468 γάρ
832 1386 994 1452 Πυλάδου
1028 1386 1150 1462 πάντες
1172 1390 1296 1469 φαῦλοι

151 1485 244 1572 ἦσαν,
280 1488 369 1576 quod
403 1489 600 1556 illustratur
632 1489 832 1556 Aristotelis
868 1490 978 1556 verbis
1008 1512 1038 1556 a.
1063 1513 1094 1577 p.
1118 1489 1188 1557 XV
1221 1490 1295 1556 init.

151 1593 227 1677 περὶ
251 1594 287 1659 δὲ
303 1596 342 1659 τά
358 1597 426 1679 ἤθη
442 1608 575 1676 πρῶτον
591 1597 645 1660 δεῖ
664 1596 890 1680 στοχάζεσθαι,
915 1596 1004 1672 ὅπως
1017 1596 1142 1679 χρηστά
1157 1587 1179 1682 ᾗ
1194 1595 1297 1683 (quod

150 1698 212 1765 hoo
235 1700 308 1765 loco
332 1703 467 1766 tantum
489 1702 660 1767 afferimus
676 1724 785 1788 neque
806 1701 950 1789 amplius
968 1698 1216 1776 tractabimus).
1251 1702 1298 1767 Et

151 1804 193 1870 de
215 1805 423 1891 tragicorum
446 1809 482 1872 et
505 1808 703 1873 comicorum
728 1829 950 1893 personarum
980 1805 1195 1893 proprietate
1219 1802 1298 1894 qua·

152 1907 229 1974 dam
250 1910 403 1995 generali
425 1910 507 1978 haec
530 1911 657 1978 scholia
681 1915 822 1993 enatem,
852 1933 937 1998 quae
959 1911 1085 1998 partim
1106 1912 1176 1977 iam
1197 1915 1299 1978 antea

151 2015 307 2081 laudavi:
346 2016 494 2083 Euanth.
517 2017 614 2083 1V2
648 2017 702 2099 ‚in
740 2017 972 2083 comoedia
1009 2017 1192 2083 medioeres
1230 2014 1297 2083 for-

152 2128 255 2186 tunae
279 2121 445 2187 hominum
469 2174 501 2186 ..
525 2123 569 2188 in
592 2124 840 2208 tragoedia
863 2124 1019 2208 ingentes
1041 2131 1227 2210 personae,
1254 2120 1294 2187 cf.

152 2225 253 2291 1115
286 2228 328 2293 cf.
353 2227 412 2292 Ph.
445 2228 552 2314 praef.
576 2229 595 2293 Ι
618 2230 647 2309 3,
677 2229 735 2295 Or.
761 2230 846 2295 1484
879 2231 1002 2294 ίδιον
1032 2239 1108 2312 τῆς
1138 2251 1297 2314 τραγῳ-

155 2331 255 2407 δίας
288 2335 325 2396 τὸ
359 2333 399 2395 τὰ
432 2334 533 2415 μικρὰ
570 2346 633 2399 τῶν
667 2336 869 2418 πραγμάτων
904 2334 1046 2420 ἐξαιρεῖν
1078 2331 1133 2398 καὶ
1171 2334 1300 2417 φοβερά

155 2448 275 2518 ποιεῖν,
298 2436 420 2502 Aesch.
438 2437 499 2503 vit.
516 2437 539 2502 l.
556 2462 588 2525 p.
605 2440 647 2504 39
663 2438 761 2519 laud,
786 2439 884 2504 Dion.
904 2438 1009 2505 Halio-
1035 2438 1076 2503 de
1099 2440 1159 2504 vet
1182 2436 1298 2525 script.

156 2562 243 2607 cens.
261 2541 330 2628 lp.
347 2542 389 2606 39
413 2542 512 2619 laud,
538 2543 580 2609 ef.
606 2544 707 2610 schol.
726 2544 836 2610 Prom.
854 2545 917 2610 355
939 2543 1022 2610 ibid.
1045 2543 1136 2609 laud.
1146 2543 1180 2624 ¹).
1228 2540 1299 2610 Sin·

155 2646 303 2732 gillatim
335 2669 442 2734 pauca
475 2671 515 2714 ex
546 2649 598 2714 his
632 2649 765 2716 scholiis
803 2650 1039 2737 comperimus:
1071 2648 1235 2715 Androm.
1259 2647 1299 2713 32

156 2751 331 2834 ἐγκαλοῦσι
356 2763 400 2840 τῳ
423 2755 592 2839 Εὐριπίδῃ
615 2756 800 2838 φάσκοντες
831 2755 848 2819 ε’
857 2754 902 2819 πὶ
935 2764 1174 2837 τραγικοῖς
1205 2775 1299 2835 προ·

157 2855 326 2943 σῳποις
360 2860 600 2944 κωμῳδίαν
633 2861 770 2925 αὐτὸν
805 2862 1152 2925 διατεθεῖσθαι·
1187 2881 1300 2942 γυναι-

156 2973 225 3026 κῶν
258 2987 291 3026 τε
323 2965 386 3046 γάρ
416 2966 579 3040 ὑπονοίας
608 2965 676 3029 κατ’
709 2966 863 3049 ἀλλήλων
894 2964 948 3030 καὶ
972 2969 1091 3048 ζήλους
1113 2961 1167 3028 καὶ
1191 2964 1299 3028 λοιδο-

157 3072 230 3148 ρίας
252 3066 306 3132 καὶ
330 3071 413 3133 ἄλλα
436 3070 496 3134 ὅσα
525 3074 590 3146 είς
621 3073 860 3158 κωμῳδίαν
892 3075 1122 3150 συντελεῖ,
1154 3069 1301 3134 ἐνταῦθα

156 3172 371 3251 ἁπαξάπαντα
388 3186 485 3240 τοῦτο
501 3178 538 3240 τὸ
555 3178 664 3259 δρᾶμα
683 3176 944 3260 περιειληφέναι,
969 3175 1011 3240 ef.
1028 3156 1151 3240 Aeseh.
1165 3173 1219 3240 vit
1232 3170 1255 3243 L
1267 3170 1299 3248 l.‚

156 3276 276 3362 Antig.
301 3279 365 3344 328
389 3280 497 3345 ἀπιὼν
520 3283 537 3347 ὁ
561 3284 722 3363 θεράπων
744 3283 817 3347 καθ’
844 3281 962 3346 ἑαυτὸν
985 3280 1089 3345 ταῦτά
1109 3295 1237 3363 φησιν·
1261 3275 1300 3342 οὐ

157 3384 219 3465 γάρ
252 3385 397 3449 δυνατὸν
430 3385 483 3451 ἐπὶ
515 3398 575 3452 τοῦ
599 3388 766 3470 Κρέοντος
796 3397 899 3451 ταῦτα
930 3386 1087 3468 λέγεσθαι
1111 3384 1157 3461 ὡς
1178 3382 1233 3448 καὶ
1256 3382 1301 3448 ἑν

156 3499 252 3563 τοῖς
284 3504 519 3573 κωμικοῖς,
554 3491 609 3557 Ai.
641 3492 725 3556 1123
760 3494 798 3556 τὰ
832 3501 967 3556 τοιαῦτα
1001 3493 1191 3572 σοφίσματα
1223 3487 1302 3555 οὐκ

157 3596 305 3658 οἰκεῖα
328 3601 583 3682 τραγῳδίας
687 3598 913 3680 ἐψυχρεύσατο
936 3592 991 3660 καὶ
1014 3597 1111 3658 ἔλυσε
1134 3595 1172 3659 τὸ
1192 3616 1301 3676 τραγι-

156 3704 217 3766 κὸν
239 3702 358 3783 πάθος,
384 3703 551 3783 Α1.112λ,
576 3703 618 3768 cf.
643 3703 746 3769 etiam
770 3701 825 3768 Or.
847 3701 939 3781 1210,
966 3700 1059 3765 1521.
1106 3698 1148 3763 In
1167 3695 1302 3765 scholiis

156 3813 269 3874 autem
285 3808 418 3874 Latinis
435 3830 535 3894 saepe
550 3813 707 3874 monetur
720 3807 917 3873 Terentium
932 3806 1076 3871 affectus
1091 3801 1302 3890 mitigavisse

157 3917 192 3978 et
216 3935 346 3998 semper
369 3936 506 4000 operam
529 3913 671 3994 dedisse,
695 3936 737 3979 ne
760 3913 795 3977 in
818 3910 1031 3996 tragoediam
1063 3930 1117 3974 res
1150 3905 1303 3974 exsiliret

249 4169 274 4230 l)
296 4166 367 4218 Bene
387 4183 430 4219 res
456 4166 613 4219 illustratur
630 4181 742 4218 numero
763 4163 881 4232 quodam
907 4163 1072 4216 scholiorum
1095 4158 1303 4227 exquisitorum,

157 4271 228 4322 quae
247 4261 311 4307 sunt
330 4254 364 4308 de
383 4256 516 4309 mortibus
542 4255 660 4322 comiciS,
686 4255 744 4308 soil.
764 4257 815 4307 An.
838 4257 895 4305 105.
907 4257 932 4317 3,
951 4251 1017 4305 Hec.
1040 4254 1098 4303 171.
1110 4253 1134 4315 2,
1156 4247 1205 4301 Ph.
1224 4248 1268 4301 96.
1278 4248 1302 4310 4,

156 4349 216 4403 750.
229 4348 254 4409 2,
274 4349 324 4397 An.
349 4348 432 4398 106.2
453 4345 487 4398 cf.
508 4346 589 4399 etiam
609 4346 657 4397 Ph.
678 4349 774 4398 2441
