2946 4734
704 221 747 287 67

149 396 396 481 comprobatur,
432 395 585 483 quamvis
622 399 803 483 praeterea
837 417 882 463 ne
916 396 953 462 in
988 395 1128 464 Graecis
1161 395 1294 482 quidem

149 499 289 566 scholiis
303 500 507 588 reperiatur.
544 500 742 585 Ἅναλογίας
765 500 873 588 igitur
895 501 952 568 lex
974 524 1048 568 cum
1064 502 1196 568 omnino
1219 524 1294 589 per·

149 627 248 671 sonas
264 628 331 672 non
346 606 473 672 mutari
489 610 587 674 vetat
601 610 675 673 tum
691 607 846 694 imperat,
870 611 910 672 ut
925 607 1000 695 ipsa
1015 608 1158 679 mutatio
1174 607 1296 693 grada-

148 712 210 777 tim
225 710 477 798 progrediatur,
494 734 536 778 ne
553 711 728 799 quicquam
744 735 812 778 non
827 717 1071 799 praeparatum
1084 715 1296 800 proponatur

149 817 398 903 spectatoribus
411 816 445 901 ¹).
503 817 579 898 Quo
613 817 710 885 modo
749 817 844 885 vides
883 823 1063 904 cognatam
1101 840 1174 885 esse
1210 818 1297 884 hano

147 921 255 1007 legem
280 922 490 989 oeconomiae
512 922 582 1009 legi
606 923 661 989 vel
685 924 717 990 ei
739 924 950 992 oeconomiae
971 923 1058 1011 legis
1081 924 1184 1011 parti,
1211 946 1296 1011 quae

148 1030 202 1093 est
225 1027 266 1092 de
288 1028 560 1116 praeparatione,
584 1029 636 1096 ita
657 1033 698 1095 ut
713 1051 741 1095 e.
757 1053 790 1116 g.
808 1029 923 1096 scholl.
940 1029 1026 1095 Eun.
1043 1030 1116 1096 356.
1130 1031 1161 1112 3,
1177 1029 1252 1096 365.
1265 1031 1295 1112 2,

150 1132 255 1197 370.1
281 1131 384 1198 etiam
408 1132 473 1199 huc
502 1133 640 1215 faciant,
672 1157 814 1221 quorum
845 1137 951 1201 verba
977 1133 1176 1201 molliter
1208 1157 1296 1222 per·

150 1235 317 1323 venire,
350 1237 471 1305 molli
504 1239 712 1306 descensu
741 1240 975 1326 pervenire
1004 1240 1130 1306 iterum
1151 1239 1296 1305 animum

150 1342 320 1410 advertas.
366 1343 461 1412 Neve
489 1345 641 1412 omiseris
671 1345 771 1413 velim
795 1346 880 1411 Eun.
908 1345 1036 1411 10312
1069 1367 1145 1426 ,non
1176 1345 1296 1409 mirum

151 1451 213 1528 est,
238 1447 268 1513 si
289 1449 405 1514 insane
429 1449 580 1516 exsultat
602 1450 740 1538 nuptiis,
766 1451 823 1538 qui
845 1450 1037 1517 iamdudum
1060 1451 1101 1515 ob
1123 1449 1160 1515 id
1178 1449 1296 1530 solum,

151 1553 241 1638 quod
255 1553 444 1620 vitiaverat
460 1553 636 1641 virginem,
652 1555 869 1637 laetabatur‘,
887 1555 1153 1638 1113382111
1166 1555 1295 1636 mirum,

151 1657 241 1745 quod
262 1658 464 1725 insolentius
480 1660 598 1727 Davus
621 1660 775 1727 exsultat
791 1660 850 1748 qui
866 1713 872 1727 .
887 1713 893 1725 .
911 1660 1048 1728 timidus
1064 1660 1133 1726 fuit
1151 1711 1177 1725 ..
1194 1660 1297 1726 etiam

152 1763 347 1850 desperavit
376 1789 418 1831 ex
445 1766 643 1852 nuptiarum
673 1769 818 1849 terrore,
850 1789 933 1854 quas
963 1789 1052 1833 nunc
1081 1766 1184 1832 falsas
1212 1788 1298 1831 com·

151 1868 263 1955 perit‘,
295 1869 413 1956 quibus
438 1869 574 1936 scholiis
597 1870 755 1957 analogia
782 1873 865 1937 bene
894 1871 1101 1937 illustratur.
1148 1871 1297 1938 Verbum

152 1974 272 2040 deinde
295 1997 345 2041 au
352 1997 455 2062 gere
479 1975 598 2042 scholii
620 1975 685 2041 Ad.
708 1977 864 2043 78041.
886 2000 917 2063 g.
941 1977 1045 2043 etiam
1070 1976 1106 2042 in
1128 1975 1181 2042 his
1206 1975 1298 2042 scho-

152 2081 207 2147 liis
238 2083 442 2169 reperimus:
474 2085 540 2150 Ad.
564 2085 682 2163 5403,
708 2136 739 2149 ..
764 2084 875 2150 11111
900 2106 974 2149 cum
1000 2085 1227 2169 augmento
1251 2081 1297 2147 sit

152 2188 287 2255 miseria
330 2189 603 2276 quotiescumque
645 2189 871 2276 processerit‘,
912 2187 972 2253 Ph.
1003 2189 1066 2254 606
1105 2187 1297 2270 ,adaucto

152 2298 266 2378 metu‘,
291 2295 349 2361 sed
373 2295 569 2382 disciplinae
593 2295 857 2382 ethographicae
876 2297 1015 2361 verbum
1036 2317 1105 2360 non
1127 2294 1229 2360 debet
1244 2315 1298 2358 ex-

151 2400 308 2481 istimari,
333 2400 423 2488 quod
444 2400 657 2489 potissimum
681 2400 766 2468 artis
788 2400 980 2468 rhetoricae
996 2400 1042 2466 sit
1058 2397 1297 2484 vocabulum2).

152 2506 206 2571 Ex
241 2506 284 2572 iis
322 2529 405 2594 quae
443 2511 579 2573 restant
624 2506 759 2572 scholiis
798 2506 883 2572 nihil
927 2506 999 2572 fere
1036 2504 1115 2572 novi
1153 2504 1194 2570 de
1232 2503 1298 2569 dis-

112 2622 115 2629 '
153 2611 278 2699 ciplina
308 2612 546 2698 comperimus,
586 2633 671 2698 quae
702 2619 817 2678 tamen
847 2610 1051 2677 scholiorum
1087 2609 1199 2676 verbis
1232 2632 1299 2674 non

151 2740 231 2784 raro
264 2717 390 2805 optime
419 2716 536 2783 electis
572 2717 769 2783 illustratur
806 2738 845 2782 ac
882 2718 1056 2803 probatur,
1095 2714 1297 2802 praesertim

153 2846 227 2888 cum
282 2828 404 2909 poetae
464 2822 536 2888 arti
596 2845 727 2909 semper
760 2820 1021 2888 satisfecerint
1077 2818 1297 2886 scholiastae:

152 2927 233 2994 Hec.
257 2928 322 2992 825
355 2927 395 2992 οὐ
425 2929 676 3010 μαστροπώδεις
709 2929 744 2992 ol
765 2930 870 3010 λόγοι,
901 2926 972 2991 ἀλλ’
1010 2925 1298 3010 ἀφαιρεθεῖσα

153 3036 226 3098 cbo
249 3042 320 3116 τῆς
349 3034 480 3117 τύχης
509 3035 637 3116 ὄγκον
670 3036 731 3109 είς
763 3042 844 3097 πᾶν
868 3033 1013 3097 ὁτιοῦν
1036 3033 1299 3112 καταβαίνει,

153 3138 207 3203 Ai.
224 3138 288 3203 646
312 3143 511 3221 παρίστησιν
535 3138 552 3204 ὁ
569 3143 677 3221 λόγος,
702 3138 752 3202 ὅτι
768 3136 823 3202 καὶ
839 3139 874 3203 οἱ
894 3139 1060 3219 ἔμφρονες
1078 3133 1132 3199 καὶ
1155 3157 1299 3216 παρακο-

155 3249 362 3319 λουθοῦντες
376 3252 416 3328 τῇ
433 3245 533 3326 φύσει
550 3255 615 3307 τῶν
631 3243 833 3326 πραγμάτων
850 3242 938 3324 ὅμως
959 3241 1026 3306 ὑπὸ
1049 3251 1115 3304 τῶν
1138 3240 1299 3304 τοιούτων

155 3355 276 3412 παθῶν
299 3346 366 3412 ἐπὶ
389 3351 433 3413 τὸ
464 3360 613 3431 χεῖρον
644 3347 1026 3413 ἀπολισθαίνονσιν
1050 3397 1056 3410 .
1076 3397 1093 3426 .,
1117 3344 1218 3431 Hipp.
1242 3346 1299 3410 ὑπ.

154 3454 174 3536 ἡ
195 3454 325 3538 Φαίδρα
341 3456 390 3528 είς
405 3452 590 3535 ἐπιθυμίαν
614 3455 819 3532 ὤλισθεν,
843 3452 944 3539 Hipp.
962 3449 1300 3534 215111111111-

155 3582 227 3622 κεν
251 3559 268 3623 ὁ
292 3560 419 3640 λόγος
442 3556 510 3622 ἐπὶ
534 3560 578 3622 τὸ
601 3559 899 3641 μανικώτερον
922 3557 987 3640 ἅμα
1009 3566 1054 3644 τῷ
1077 3559 1188 3636 πάθει,
1212 3554 1299 3620 Med.

249 3792 275 3858 1)
295 3791 404 3857 Quanta
423 3797 483 3844 arte
502 3791 672 3859 singularum
690 3791 718 3843 in
738 3789 853 3857 singulis
879 3788 982 3842 fabulis
1008 3802 1185 3856 personarum
1214 3791 1300 3838 muta-

156 3879 256 3934 tionem
271 3882 479 3948 praeparaverit
491 3886 574 3946 11111
587 3880 739 3934 instituerit
750 3887 840 3947 poeta,
860 3880 971 3933 scholiis
984 3894 1039 3930 non
1052 3878 1146 3945 paucis
1160 3881 1187 3929 et
1200 3875 1300 3943 partim

157 3969 210 4021 iam
230 3967 361 4022 adhibitis
380 3975 538 4023 enarratum
557 3981 607 4033 est,
634 3970 668 4022 cf.
689 3986 711 4023 1.
732 3986 755 4037 g.
775 3967 826 4022 Ad.
847 3972 907 4022 789,
918 3972 942 4033 4,
963 3968 1032 4020 Eun.
1051 3970 1111 4019 811.
1124 3970 1147 4032 1,
1167 3967 1253 4018 7832
1273 3969 1301 4016 11

156 4074 211 4111 una
238 4056 355 4126 quadam
381 4074 480 4112 scaena
506 4066 632 4127 respecta
658 4075 680 4112 e.
700 4076 725 4126 g.
751 4058 803 4112 Ad.
823 4062 911 4113 6512
937 4060 1078 4123 116771,
1104 4055 1301 4108 11271511

157 4151 217 4203 280.
228 4153 252 4202 3.

247 4242 275 4307 2)
294 4237 357 4293 Non
380 4239 464 4307 igitur
484 4238 519 4292 ad
543 4256 592 4293 nos
618 4239 803 4306 pertinente.
824 4255 848 4305 g.
869 4253 903 4292 ss.
931 4236 1098 4303 113611,
1125 4239 1185 4290 553.
1195 4237 1219 4301 2,
1240 4237 1299 4302 561,

156 4328 206 4382 Ph.
226 4332 286 4384 286.
297 4331 322 4397 3,
342 4327 462 4383 fortasse
480 4336 571 4383 autem
590 4327 774 4382 adhibendum
792 4328 822 4382 0.
833 4328 866 4381 R.
886 4331 928 4381 93.

1057 4416 1093 4471 5*
