2946 4734
724 234 765 297 48

157 435 255 480 carm.
280 415 319 478 36
348 436 413 498 quo
436 415 569 498 Erycius
597 419 687 497 optat
711 420 746 478 ul
772 415 937 498 Sophoclis
965 416 1106 479 tumulus
1132 433 1258 496 semper
1286 416 1327 479 sit

154 520 286 580 ornatus
310 516 440 579 floribus
463 517 622 592 amoenis3
645 517 738 579 etiarn
763 535 860 579 carm.
884 516 953 578 321.
968 516 1017 588 8l9
1040 515 1219 598 sepulcrum
1243 519 1326 582 ilori·

155 616 214 678 bus
236 635 351 678 ornare
374 616 467 679 iubet.
501 615 649 679 Carmine
661 616 700 679 73
715 615 864 679 Geminus
879 615 1100 680 Themistoclis
1115 622 1325 682 monumento

153 716 317 796 sepulcrali
341 715 427 797 affigi
448 715 516 778 vult
535 715 646 796 spolia.
676 713 826 795 Sepulcra
851 718 882 778 et
905 720 1114 780 monumenta
1137 719 1226 799 quasi
1249 738 1325 782 con-

153 815 276 878 solandi
305 817 407 896 gratia
436 817 664 897 promittuntur
694 815 888 878 carminibus
917 816 986 879 329.
1006 819 1027 879 d
1051 820 1081 879 et
1103 816 1172 882 333.
1191 819 1219 881 4.
1262 819 1323 882 l’u-

154 935 267 980 nerum
311 920 418 980 aulem
469 916 742 998 magnificentiam
792 915 912 996 profert
957 916 1076 980 Paulus
1125 917 1323 982 silentiarius

156 1035 252 1079 carm.
277 1016 349 1079 560.

236 1151 401 1214 Postremo
422 1150 462 1212 Vl
492 1153 718 1232 argumentum
748 1132 832 1230 duod
863 1152 909 1212 est
932 1150 1162 1230 gravissimum,
1193 1152 1321 1217 immor-

150 1249 279 1314 talitatis
307 1270 406 1332 spam‚
429 1254 552 1331 poetae,
574 1268 709 1332 quorum
740 1249 881 1312 carmina
911 1250 942 1313 in
971 1249 1152 1332 anthologia
1176 1253 1322 1318 Palatina

156 1352 272 1415 tradita
305 1355 389 1427 sunt,
417 1350 643 1414 adhibuerunt.
693 1349 731 1412 u
760 1351 896 1431 primum
926 1351 1055 1432 quidem
1081 1357 1223 1416 mortuos
1251 1358 1321 1435 post

155 1455 292 1516 mortem
313 1452 433 1515 versari
456 1452 536 1514 inter
557 1449 705 1524 maiores,
727 1449 819 1513 affert
836 1450 1014 1514 Simonides
1037 1472 1062 1514 c.
1084 1453 1132 1515 ul.
1141 1454 1213 1524 9210
1234 1455 1323 1518 Ana·

155 1556 318 1616 creontem
346 1553 377 1615 in
406 1552 474 1632 ipso
495 1549 629 1614 Tartaro
656 1550 785 1613 umbras
814 1551 1007 1614 carminibus
1028 1551 1242 1616 delectantem
1262 1553 1323 1617 fin·

155 1671 242 1732 gens,
283 1651 404 1713 Deinde
427 1669 453 1713 c.
476 1649 525 1712 Al.
551 1650 598 1715 lla
620 1649 790 1730 Antipater
809 1649 956 1712 Sidonius
980 1654 1070 1732 optat
1091 1670 1131 1713 ne
1152 1652 1322 1717 Anacreon

153 1751 235 1813 inter
262 1769 373 1812 manes
403 1749 525 1812 desinat
555 1753 699 1824 cantare,
733 1753 764 1811 et
792 1767 818 1812 c.
842 1749 889 1812 30.
909 1751 961 1820 5!ss
989 1754 1084 1830 negat
1108 1751 1321 1816 Anacreontis
1376 1834 1379 1839 ,

159 1869 283 1913 amores
303 1852 404 1913 morte
422 1868 513 1929 posse
524 1849 672 1928 extingui.
711 1848 773 1912 Sed
784 1850 881 1912 etiam
894 1850 1019 1913 animae
1032 1850 1252 1915 immortalitas
1273 1873 1322 1916 ce-

155 1949 305 2012 lebratur.
347 1948 393 2012 lta
416 1969 442 2012 c.
465 1949 514 2012 75.
537 1950 588 2020 an
607 1948 777 2030 Antipater
797 1950 898 2031 tangit
913 1951 1114 2032 Pythagorae
1130 1956 1322 2036 metempsy-

156 2048 274 2112 chosin.
309 2047 479 2112 Praeterea
502 2047 592 2129 Diog.
614 2048 700 2111 Laet.
720 2069 747 2112 c.
765 2048 822 2112 87:

215 2184 310 2262 σῶμα
331 2185 393 2263 μὲν
414 2171 473 2265 ᾗρε
493 2178 639 2253 Σόλωνος
659 2181 695 2242 ἐν
716 2180 891 2264 ἅλλοδαιιῇ
908 2180 1054 2264 Κύπριον
1076 2186 1151 2264 πῦρ·

252 2283 342 2348 ὁσιε’
363 2285 428 2363 ἔχει
449 2282 595 2362 Σαλαμὶς
616 2269 662 2342 ὧν
684 2279 772 2354 κόνις
792 2280 965 2362 α’σιάχυες.

297 2383 304 2403 i
367 2379 419 2405 a»
558 2381 566 2401 ι
607 2381 614 2402 ι
659 2381 669 2402 2
731 2380 740 2402 ³
813 2381 820 2401 ι
868 2376 885 2399 >r
1036 2372 1050 2402 3
1102 2383 1109 2407 ι

213 2395 325 2472 ψυχην
346 2382 366 2444 δ
395 2386 509 2456 αξονες
528 2385 631 2454 sodor
650 2405 682 2453 ες
701 2403 841 2460 ονρανον
863 2403 988 2464 ηγαγον·
1010 2406 1046 2446 av
1069 2406 1129 2465 γαρ

253 2485 338 2565 θῆκε
358 2480 477 2563 νόμους
498 2480 608 2554 αὐτοῖς
628 2474 740 2560 ἄχθεα
759 2479 955 2562 κουφότατα.

152 2616 258 2682 Carm.
282 2617 342 2680 108
363 2616 452 2696 Diog.
475 2615 561 2678 Laet.
584 2635 612 2678 v.
634 2614 816 2677 laninam
840 2617 934 2678 vocat
960 2615 1181 2679 immortalem.
1225 2614 1314 2694 Diog.

152 2717 253 2781 Laert.
275 2736 301 2780 c.
322 2717 381 2780 luo
404 2714 447 2798 (in
470 2712 642 2794 Zenonem)
666 2713 733 2784 3lt:

210 2833 279 2896 ἀλλ’
298 2831 442 2914 ἐδάμης·
461 2830 503 2913 dn*
522 2828 583 2911 γάρ
599 2847 637 2893 σε
658 2828 766 2908 λαγῶν
787 2827 804 2889 ὁ
824 2825 980 2908 τύραννος
1001 2829 1036 2890 ἐν
1057 2823 1145 2911 ὅλμῳ

252 2932 398 3017 κόψε·ιί
414 2931 511 2993 τοῦτο
532 2927 627 3008 λόγως
652 2928 749 3008 σῶμα
769 2927 839 3008 γάρ,
861 2925 933 3006 ον’χὶ
953 2927 991 2988 δὲ
1013 2935 1058 2991 σέ.

151 3049 257 3116 Garm.
281 3048 350 3112 337.
370 3048 441 3114 718:
837 3044 869 3117 ἐς
891 3042 1045 3125 οὐρανίας
1066 3044 1126 3125 yolo
1147 3040 1318 3123 αἰαριιούς

254 3147 348 3236 ψυχή
370 3150 551 3208 παπταίνει
572 3140 656 3223 σῶμ’
673 3141 920 3225 α’ποδνσαμένη.

153 3280 301 3345 Carmine
324 3279 385 3342 370
406 3276 521 3342 deinde
541 3275 700 3340 Diodorus
727 3274 802 3339 dicit
829 3276 969 3339 cinerem
997 3273 1126 3356 quidem
1152 3271 1317 3337 Menandri

150 3381 182 3443 in
198 3379 342 3461 sepulcro
360 3377 463 3454 condi,
487 3375 592 3458 ipsum
611 3376 718 3438 autem
733 3373 857 3438 versari
872 3374 922 3439 vel
942 3373 1029 3456 apud
1043 3373 1149 3437 Iovem
1164 3373 1214 3438 rel
1233 3373 1317 3438 inter

149 3479 270 3544 beatos.
310 3477 476 3541 Postremo
498 3494 596 3539 carm.
617 3473 688 3537 570.
711 3472 779 3544 an:

210 3593 251 3667 ὥς
273 3593 310 3655 δὲ
332 3591 430 3675 φύσις
450 3613 506 3671 μιν
528 3589 642 3653 ἔλυσεν
662 3586 732 3649 ἀπὸ
755 3587 886 3666 χθονὸς,
907 3585 1074 3648 α’θάναιοι
1093 3589 1154 3667 μὲν

249 3690 351 3755 αὐτόν
374 3693 484 3770 ἔχουσι
503 3689 588 3767 θεοὶ,
612 3689 707 3768 σῶμα
729 3685 767 3747 δὲ
790 3686 885 3768 σηκός
907 3681 972 3748 ὅδε.

146 3810 296 3874 Videmus
317 3808 412 3889 igitur
433 3805 541 3870 omnia
562 3792 617 3868 sen
638 3805 828 3884 argumenta
850 3821 932 3884 quae
954 3800 1177 3865 constituimus
1197 3799 1230 3862 in
1254 3818 1313 3864 an·

147 3908 287 3988 thologia
306 3907 458 3971 adhibita.

227 4041 397 4104 Praeterea
422 4054 630 4119 permagnam
663 4035 789 4115 copiam
817 4036 1142 4116 epigrammatum
1171 4028 1310 4109 sepul·
1394 4050 1398 4065 ·
