2946 4734
697 238 701 255 ¹
714 211 735 277 5

151 385 301 472 plurima
323 386 368 452 ad
390 384 635 472 ethographiae
658 383 870 472 disciplinam
893 383 1156 470 cognoscendam
1180 403 1300 449 eruan-

149 494 218 573 tur,
253 513 320 578 qua
349 494 505 578 respecta
538 489 708 556 interdum
742 489 871 555 maiore
906 511 977 555 cum
1013 488 1132 554 fructu
1164 486 1300 554 scholiis

72 628 75 634 ¹
149 618 309 682 perverse
331 617 432 682 quam
455 594 590 661 scholiis
613 597 705 661 recte
729 598 863 681 poetam
887 593 1132 681 ¹interpretatis
1156 598 1299 660 utemur.

149 701 272 789 Itaque
300 701 498 788 plerumque
520 722 588 766 non
617 701 797 780 annotabo,
828 720 873 765 an
903 698 1105 765 scholiastae
1131 702 1228 765 recta
1249 698 1300 764 vi·

151 805 273 872 deatur
302 827 346 871 an
375 804 466 873 falsa
495 803 748 890 interpretatio.
796 803 937 870 Omnino
966 804 1021 870 hic
1052 803 1154 870 semel
1183 825 1299 870 moneo

148 909 212 977 hac
236 909 346 998 operis
368 913 468 996 parte
490 909 637 976 nondum
659 909 817 976 absoluta
840 931 914 975 esse
931 908 1057 976 scholia
1071 931 1134 976 nec
1149 907 1300 994 singulas

151 1014 191 1081 de
215 1014 359 1101 singulis
383 1014 518 1081 scholiis
543 1014 758 1101 quaestiones
782 1014 980 1101 diligentius
1003 1018 1184 1096 tractatas,
1212 1012 1301 1099 quod

150 1142 191 1185 ne
214 1119 250 1185 in
272 1119 382 1186 animo
406 1119 541 1207 quidem
564 1122 649 1201 erat,
672 1119 772 1185 immo
789 1123 869 1185 sunt
894 1120 1069 1205 graviores
1093 1122 1228 1185 tantum
1244 1141 1300 1185 res

151 1248 168 1291 e
181 1224 316 1292 scholiis
328 1228 506 1312 promptae
519 1246 644 1310 eaeque
656 1224 853 1291 brevissime
866 1228 1039 1291 tractatae
1049 1224 1201 1311 (possent
1213 1224 1301 1290 enim

149 1329 215 1395 iam
239 1329 355 1396 dehis
385 1329 495 1395 libelli
525 1329 711 1411 conscribi).
757 1328 883 1395 Altera
913 1333 1027 1395 autem
1059 1329 1170 1416 operis
1200 1330 1301 1415 parte

151 1433 350 1520 diligentius
373 1433 414 1500 de
438 1432 580 1520 singulis
604 1436 705 1500 rebus
733 1455 880 1520 agemus.

237 1557 417 1624 Postremo
441 1557 481 1622 de
505 1557 622 1623 ordine
644 1579 758 1623 rerum
781 1557 1040 1623 tractandarum
1058 1578 1167 1644 pauca
1182 1557 1299 1622 dicam.

153 1662 389 1745 Quaerendum
411 1662 500 1728 enim
524 1666 588 1745 est,
611 1666 728 1728 utrum
752 1663 923 1729 Donatum
946 1684 990 1728 an
1017 1662 1144 1728 scholia
1167 1661 1301 1728 Graeca

150 1768 246 1854 prius
280 1768 427 1834 tractari
461 1772 497 1834 et
531 1767 663 1832 omnino
702 1789 746 1833 an
781 1766 908 1833 scholia
943 1765 1076 1833 Graeca
1110 1789 1131 1833 a
1164 1766 1300 1833 Donato

152 1872 307 1958 separari
338 1875 508 1959 oporteat.
554 1871 762 1958 Quamquam
786 1872 894 1956 igitur
923 1871 1060 1938 concedi
1087 1871 1210 1938 debeat
1232 1871 1300 1939 Dc-

152 1980 268 2043 natum
291 1976 410 2043 utilem
433 1999 586 2064 essequo
610 1976 866 2043 fundamentum
889 1976 987 2042 huius
1008 1976 1300 2043 commentationis

151 2081 306 2163 iaciatur,
331 2082 456 2170 quippe
477 2082 571 2148 cuius
595 2082 723 2148 scholia
746 2082 880 2168 copiosa
903 2082 973 2148 sint
996 2085 1031 2148 ct
1053 2084 1137 2148 bene
1161 2086 1302 2148 servata

118 2238 121 2244 «
153 2189 188 2252 ct
220 2207 304 2274 prae
337 2209 372 2253 se
405 2186 521 2253 ferant
555 2187 642 2253 certi
674 2209 736 2253 nec
772 2187 908 2253 aliunde
945 2186 1055 2272 ignoti
1088 2186 1301 2272 grammatici

151 2313 280 2372 nomen,
305 2315 369 2379 quo
392 2292 441 2372 fit,
468 2294 506 2357 ut
528 2291 665 2378 propius
689 2291 733 2357 ad
755 2292 835 2358 libri
860 2293 1002 2380 speciem
1021 2291 1183 2358 accedant
1199 2292 1299 2378 (veri-

152 2395 259 2462 simile
290 2397 394 2463 etiam
423 2399 477 2463 est
505 2395 615 2462 instar
648 2397 727 2462 libri
749 2397 882 2463 tradita
913 2419 985 2463 esse
1008 2396 1137 2462 Donati
1160 2396 1299 2479 scholia)

151 2523 258 2588 neque
290 2502 343 2568 ita
377 2502 447 2568 sint
480 2503 613 2566 mutata
657 2505 697 2567 ut
737 2502 864 2568 scholia
903 2502 1052 2581 Graeca,
1094 2523 1180 2588 quae
1218 2523 1299 2567 sem·

151 2627 213 2692 per
247 2610 346 2672 erant
379 2607 531 2694 dispersa
566 2606 715 2673 codicum
744 2607 779 2672 in
814 2608 1042 2694 marginibus,
1084 2611 1199 2672 tamen
1232 2629 1300 2672 non

151 2734 169 2776 e
193 2733 231 2778 re
254 2715 308 2777 est
330 2733 488 2798 separare
511 2712 684 2777 Donatum
707 2735 727 2776 a
744 2711 884 2778 Graecis
909 2712 1052 2792 scholiis
1079 2712 1138 2778 sed
1161 2717 1300 2798 oportet

150 2815 234 2882 haec
255 2815 320 2883 duc
344 2816 550 2883 scholiorum
573 2839 716 2903 corpora
732 2819 910 2884 coniuncta
925 2819 1080 2901 tractari,
1106 2820 1185 2905 quia
1200 2819 1300 2905 plane

151 2921 290 2988 eandem
321 2922 391 2988 scil.
416 2921 583 2989 Graecam
614 2923 826 3010 disciplinam
856 2923 1031 3004 exhibent,
1063 2924 1152 3009 quod
1182 2924 1299 2990 statim

151 3026 451 3094 demonstrabitur.
509 3027 623 3109 Quare
661 3034 922 3094 consentaneum
959 3031 1013 3093 est
1050 3008 1245 3114 plerumque
1279 3049 1300 3092 a

151 3130 285 3198 scholiis
303 3131 443 3199 Graecis
467 3133 579 3218 incipi,
605 3132 673 3207 sed,
697 3133 754 3198 ubi
769 3132 929 3216 graviora
945 3132 1091 3211 exhibet,
1116 3132 1298 3197 aDonato.

236 3253 365 3334 Quodsi
396 3255 567 3321 Donatum
601 3254 764 3320 Graecam
794 3254 1003 3340 disciplinam
1038 3253 1194 3319 exhibere
1218 3254 1298 3335 dixi,

148 3358 231 3424 haec
252 3381 381 3425 moneo.

236 3463 417 3530 Terentius
442 3465 515 3531 scil.
539 3489 605 3531 non
636 3465 707 3552 ipse
731 3464 864 3530 fabulas
883 3464 975 3545 fecit,
998 3464 1097 3529 immo
1121 3462 1298 3529 Menandri
1331 3493 1337 3547 ,0

149 3570 185 3634 et
199 3568 404 3656 Apollodori
426 3568 561 3636 fabulas
576 3570 700 3636 Latine
725 3571 832 3635 vertit
845 3570 876 3654 ¹),
900 3571 950 3635 ita
972 3573 1013 3634 ut
1036 3570 1189 3635 Donatus
1211 3573 1298 3656 λόγῳ
1330 3570 1332 3595 ²

150 3672 349 3740 Terentium
380 3679 467 3761 ἔργῳ
489 3676 710 3741 Menandrum
735 3685 769 3741 et
793 3674 1042 3761 Apollodorum
1072 3675 1297 3740 enarraverit.
1323 3702 1328 3739 :

149 3776 216 3843 Sed
238 3778 282 3844 ad
304 3801 521 3865 personarum
546 3802 652 3845 mores
674 3780 952 3866 interpretandos
982 3779 1045 3844 hoc
1075 3781 1148 3844 fere
1171 3777 1297 3842 nullius

148 3883 309 3948 momenti
332 3887 385 3950 est
402 3884 552 3971 quamvis
572 3885 685 3970 magni
700 3885 742 3948 ad
758 3887 864 3949 verba
880 3884 936 3949 vel
952 3884 1149 3949 sententiaa.
1185 3883 1299 3963 Quare

240 4118 265 4181 1)
284 4113 424 4182 Quomodo
453 4121 480 4167 et
509 4131 589 4180 quam
620 4131 702 4182 saepe
732 4115 878 4167 mutaverit
908 4115 1013 4167 Graeca
1041 4112 1208 4180 exemplaria
1235 4112 1298 4165 Ter.

148 4219 281 4271 quaerere
299 4205 352 4257 huc
371 4220 426 4257 non
445 4204 573 4272 pertinet,
593 4203 628 4257 cf.
648 4204 730 4257 etiam
750 4223 777 4272 p.
798 4208 832 4258 50
852 4210 944 4256 annot.
968 4206 1001 4271 l),
1023 4219 1108 4269 quare
1128 4201 1298 4268 longioribus

147 4292 180 4347 de
197 4293 251 4347 hac
269 4309 300 4348 re
319 4310 380 4348 esse
399 4294 478 4347 nobis
498 4310 552 4346 non
573 4294 646 4346 licet.
