2946 4734
628 367 834 432 ..39-

184 548 256 602 Sext.
275 547 381 617 Turpil.
401 565 425 600 v.
446 547 487 610 75,
506 545 586 600 Ribb.
606 563 632 614 p.
654 545 704 600 109
773 620 776 624 Ι

341 652 401 689 erus
419 633 544 703 stupidus
562 633 669 688 adstat:
695 633 737 688 ita
753 637 810 688 eius
829 635 955 703 aspectus
973 648 1070 700 repens

341 738 387 776 cor
404 720 558 790 torporavit
576 719 683 774 homini
701 737 801 778 amore.

182 816 267 869 Plaut.
286 815 397 869 Mercat.
416 815 467 868 262
477 832 516 883 sq.

216 977 218 982 .
266 918 349 969 quam
367 918 419 971 ego
436 905 584 971 postquam
603 900 703 970 aspexi,
723 900 837 955 nonita
856 917 926 964 amo,
945 902 977 954 ut
994 900 1055 954 sani
1073 900 1162 955 solent

271 989 403 1060 homines,
421 986 467 1042 sed
485 988 580 1042 eodem
599 991 689 1058 pacto,
709 991 742 1042 ut
759 986 848 1041 insani
867 988 964 1042 solent.

181 1083 270 1137 Plaut.
286 1082 339 1137 Mil.
363 1083 428 1136 1264

266 1186 362 1226 ,omnes
380 1169 504 1239 profecto
522 1165 650 1220 mulieres
668 1168 697 1219 te
715 1167 819 1223 amant.
837 1167 870 1218 ut
888 1181 1012 1233 quaeque
1030 1163 1145 1234 aspexit.

147 1259 257 1340 Neque
280 1277 356 1322 vero
378 1257 471 1321 aliter
492 1275 635 1319 amorem
659 1259 766 1317 ortum
795 1273 862 1316 esse
893 1254 924 1316 in
947 1253 1115 1317 Menandri
1136 1253 1314 1320 Phasmate

151 1361 285 1440 apparet
307 1377 347 1421 ex
367 1355 482 1420 Donati
506 1354 715 1419 adnotatione
735 1354 778 1418 ad
795 1352 937 1417 Terentii
950 1353 1142 1420 Eunuchum
1164 1374 1193 1417 v.
1207 1356 1244 1418 9:

150 1458 287 1538 primum
312 1461 445 1538 aspectu
467 1454 621 1536 pulchrae
636 1454 767 1534 virginis
788 1454 876 1516 velut
898 1453 1039 1516 numinis
1062 1453 1132 1517 visu
1152 1455 1318 1536 perculsus
1343 1514 1344 1518 ,

148 1556 320 1621 exhorruit.
427 1553 542 1618 deinde
562 1554 718 1636 paulatim
741 1573 776 1616 re
806 1553 934 1634 cognita
963 1553 1082 1616 exarsit
1110 1553 1143 1616 in
1172 1573 1316 1618 amorem

147 1656 280 1738 puellae.
325 1654 396 1732 Quo
418 1654 530 1719 eodem
548 1655 645 1717 modo
665 1673 809 1717 amorem
832 1653 987 1717 orientem
1010 1652 1120 1716 fecisse
1135 1656 1166 1716 et
1178 1653 1317 1718 Alexan·

150 1756 257 1819 drinos
279 1758 310 1818 et
332 1753 500 1817 Romanos
522 1758 634 1834 poetas
665 1757 697 1817 et
717 1754 820 1836 ipsum
844 1773 973 1835 quoque
995 1753 1229 1818 Callimachum
1252 1754 1316 1818 iam

149 1877 168 1920 a
199 1855 346 1936 Diltheyo
368 1853 504 1935 Cydipp.
526 1874 556 1935 p.
580 1854 620 1918 56
638 1872 685 1934 sq.
716 1858 748 1917 et
768 1854 897 1918 Rohdio
926 1853 1065 1917 Roman.
1097 1874 1128 1935 p.
1154 1854 1212 1918 149
1240 1854 1318 1918 satis

148 1956 401 2020 demonstratum
420 1958 476 2017 est.
511 1955 624 2036 Itaque
639 1975 706 2018 rem
719 1955 831 2036 paucis
847 1954 952 2018 allatis
966 1954 1119 2035 exemplis
1132 1954 1316 2018 absolvam:

183 2052 282 2116 Catulh
303 2051 388 2106 LXIV
409 2053 440 2107 91
452 2070 509 2120 sqq.
614 2094 629 2102 ,

339 2155 395 2193 non
413 2138 489 2209 prius
507 2155 539 2193 ex
558 2137 607 2191 illo
624 2138 774 2207 flagrantia
793 2139 944 2193 declinavit

341 2225 455 2293 lumina,
475 2242 558 2293 quam
578 2227 676 2278 cuncto
696 2225 822 2295 concepit
840 2241 953 2293 corpore
970 2225 1111 2278 flammam

340 2311 465 2365 funditus
483 2314 567 2379 atque
585 2310 648 2365 imis
666 2311 768 2366 exarsit
786 2314 847 2366 tota
865 2310 1000 2365 medullis.

181 2396 259 2452 Ovid.
277 2397 381 2452 heroid.
398 2397 451 2450 XII
471 2397 504 2450 33
560 2435 561 2438 ,

338 2487 367 2540 et
385 2483 441 2538 vidi
459 2487 487 2538 et
504 2483 588 2553 perii!
614 2499 664 2536 nec
681 2482 754 2536 notis
775 2482 885 2550 ignibus
903 2483 966 2537 arsi.

180 2571 256 2625 Ovid.
276 2570 379 2626 heroid.
398 2573 449 2624 XV
472 2570 558 2639 (XVI)
579 2570 625 2624 135
635 2588 675 2638 sq.

340 2660 372 2711 ut
390 2657 455 2727 vidi,
474 2656 592 2728 obstipui
609 2656 822 2726 praecordiaque
840 2656 940 2711 intima
958 2658 1029 2712 sensi

393 2744 528 2800 attonitus
546 2744 617 2798 curis
636 2743 797 2798 intumuisse
818 2744 904 2799 novis.

180 2830 314 2885 meunt.
333 2831 371 2884 n.
390 2831 416 2884 11
434 2831 517 2899 aasq.

338 2911 393 2990 χώς
411 2917 479 2984 ἴδον,
498 2913 534 2977 ὦς
552 2913 669 2988 ἑμᾶνην,
688 2909 724 2976 ὦς
741 2935 791 2988 μοι
808 2918 874 2988 περὶ
893 2913 984 2988 θυμὸς
1002 2914 1094 2988 ἰᾰφθη

392 3004 520 3063 derisisse·
1400 3040 1404 3048 .

147 3089 260 3153 Achill.
276 3090 347 3154 Tal.
368 3090 380 3152 Ι
400 3092 462 3167 4,4
483 3091 524 3162 ὠς
545 3090 584 3151 δὲ
606 3081 705 3172 εἶδον,
729 3090 833 3162 εὐθύς
855 3090 1048 3153 α’πολϋλειν.
1082 3090 1274 3154 Aristaenet.
1291 3092 1317 3154 ll

148 3189 176 3268 2,
195 3191 215 3254 6
243 3190 297 3250 καὶ
321 3187 554 3272 parrorpoiqqr
577 3191 659 3271 πρός
682 3199 729 3268 σε’,
760 3191 813 3251 καὶ
836 3188 908 3268 ἅμα
934 3192 973 3272 τῇ
994 3195 1061 3272 θέᾳ
1082 3191 1127 3270 τῷ
1155 3194 1202 3269 σῷ
1224 3188 1317 3252 τετό-

151 3291 268 3368 ξευμαι
288 3289 407 3352 κάλλει
418 3291 442 3370 ¹)

230 3391 377 3455 Fortasse
401 3391 498 3454 etiam
528 3391 600 3453 illae
622 3390 916 3454 Alexandrinorum
938 3394 1108 3471 poetarum
1131 3390 1318 3466 sententiae,

155 3509 239 3570 quae
254 3490 418 3554 oculorum
440 3490 482 3554 ad
503 3490 702 3553 incitandum
723 3509 865 3553 amorem
882 3490 946 3553 vim
970 3510 987 3552 e
988 3493 1207 3571 tpotestatem
1227 3511 1321 3571 prae-

153 3589 278 3667 dicant,
315 3610 353 3654 ex
388 3589 562 3652 comoediis
591 3590 752 3671 profectae
786 3595 869 3653 sunt.
913 3590 1071 3670 Persaepe
1101 3589 1184 3652 enim
1211 3589 1321 3653 dicunt

156 3691 272 3770 poetae
302 3689 510 3753 Alexandrini
542 3689 592 3752 vel
625 3709 734 3752 eorum
771 3689 946 3753 imitatores
984 3692 1161 3752 amatorem
1195 3688 1321 3769 puellae

152 3788 251 3852 oculis
278 3792 410 3870 captum
445 3808 512 3852 esse
541 3793 598 3852 aut
628 3793 769 3852 amatam
801 3790 940 3852 amantis
962 3789 1070 3852 oculos
1100 3788 1243 3869 rapuisse
1265 3793 1322 3851 aut

223 4014 249 4083 1)
268 4012 308 4069 (ΙΙ
327 4015 462 4071 Theocrit.
482 4016 520 4071 id.
540 4018 579 4070 ΙΙΙ
604 4019 652 4078 42,
679 4019 781 4085 Vergil.
800 4019 888 4072 bucol.
907 4015 973 4070 Vlll
990 4018 1039 4080 41,
1065 4015 1141 4069 Ciris
1160 4016 1225 4082 492,
1244 4015 1322 4068 ovid.

157 4099 260 4154 heroid.
281 4101 348 4155 xlx
368 4103 444 4170 (XX)
463 4105 522 4161 2ῐὸ
542 4107 683 4160 metamor
705 4105 845 4167 vl113lr,
864 4108 976 4158 metam.
996 4103 1205 4169 X1303‚xen
1225 4101 1294 4170 Eph
1311 4103 1321 4154 Ι

150 4187 218 4250 3,,Ι
235 4186 372 4243 Heliodor.
391 4187 476 4256 1‚115
495 4189 531 4242 al.
