2946 4734
713 221 750 286 6,

148 418 214 462 000
247 417 384 462 0000000
414 399 469 462 001
503 395 547 462 01
568 396 743 462 Donatum
771 394 997 483 ethographia
1027 398 1183 484 respecta
1205 398 1302 464 recte

147 500 372 581 tractandum,
404 504 446 567 ut
478 502 573 588 prius
605 500 807 568 absolvatur
838 523 878 567 00
911 501 1064 588 quaestio
1086 501 1301 589 gravissima,

148 627 234 692 quae
263 606 353 673 ratio
383 605 578 672 intercedat
607 606 700 672 inter
723 607 892 673 Donatum
925 609 961 673 ct
983 606 1243 674 commentarios
1265 607 1302 673 in

100 722 104 729 “
148 708 368 777 Menandrum
407 714 442 777 et
482 710 729 798 Apollodorum
753 711 990 797 conscriptos.
1056 710 1144 778 Sunt
1185 714 1303 779 autem

149 818 185 880 et
228 814 365 882 fabulae
406 815 502 903 ipsae
551 819 587 882 et
633 815 866 883 commentarii
910 816 1033 883 amissi.
1089 815 1184 883 Haec
1229 816 1301 884 scil.

150 920 303 1006 quaestio
333 920 598 1003 immotissima,
632 943 732 1009 quam
762 925 798 988 et
823 922 932 1008 ipsam
954 922 991 987 in
1020 921 1166 989 alteram
1186 921 1302 1010 operis

147 1028 280 1112 partem
309 1025 473 1110 reicimns,
509 1026 742 1113 coniungenda
775 1027 842 1093 erit
867 1049 941 1093 cum
972 1025 1179 1114 quaestione,
1215 1049 1302 1114 quae

148 1129 340 1199 intercedat
361 1131 452 1198 ratio
475 1133 567 1198 10100
591 1132 718 1198 scholia
739 1132 775 1197 in
798 1131 1016 1198 Theocritum
1047 1131 1243 1219 conscripta
1266 1140 1303 1199 et

150 1233 261 1302 Servii
291 1236 328 1301 in
350 1235 487 1323 Vergili
518 1237 677 1303 Bucolica
709 1237 845 1318 scholia,
879 1258 965 1323 quae
995 1236 1103 1302 minus
1136 1236 1303 1304 intricata

150 1339 229 1423 (iam
253 1340 341 1415 enim
365 1345 500 1408 constat
524 1339 679 1409 Servium
703 1363 802 1429 saepe
827 1340 955 1408 scholia
975 1340 1179 1409 Theocritea
1200 1341 1303 1430 plane

150 1445 311 1531 vertisse)
337 1446 431 1513 utilis
456 1447 525 1514 erit
548 1448 591 1513 ad
613 1448 758 1513 alteram
781 1447 1014 1535 quaestionem
1037 1446 1243 1514 solvendam.

237 1551 391 1638 Denique
400 1553 552 1618 breviter
562 1561 761 1619 annotamus
771 1576 813 1619 00
823 1553 973 1619 virorum
983 1552 1159 1619 doctorum
1167 1551 1303 1639 quidem

150 1657 339 1726 sententias
363 1682 491 1725 moram
513 1660 609 1726 nobis
632 1660 749 1742 affere,
782 1659 956 1747 quominus
986 1660 1053 1726 cito
1077 1658 1204 1726 scholia
1226 1659 1303 1748 ipsa

150 1763 317 1845 adeamus,
349 1765 471 1851 quippo
504 1786 588 1851 quae
621 1764 753 1831 omuino
783 1787 850 1829 uon
874 1765 1031 1851 prolatae
1061 1764 1140 1830 sint.
1186 1764 1303 1852 Usque

152 1870 238 1934 enim
262 1868 371 1935 adhuc
394 1869 456 1935 hac
478 1869 689 1956 potissimum
714 1870 754 1936 dc
778 1891 879 1936 causa
902 1869 1037 1936 scholiis
1060 1868 1113 1935 usi
1137 1873 1218 1936 sunt
1236 1869 1303 1936 viri

151 1973 251 2056 docti,
281 1977 323 2040 ut
353 1997 407 2041 000
437 1975 687 2061 grammaticae,
718 1974 979 2060 mythologioas,
1012 1973 1193 2041 historicas
1223 1973 1304 2041 inde

151 2084 395 2166 cognoscerent
431 2080 487 2145 vel
520 2084 562 2146 ut
597 2086 775 2146 auctorum
811 2102 911 2167 saepe
944 2078 1162 2146 laudatorum
1194 2078 1302 2147 libros

150 2184 385 2266 restituerent,
410 2185 469 2250 sed
490 2185 715 2270 neglexerunt
737 2187 893 2253 veterum
915 2184 1213 2271 grammaticorum
1228 2205 1302 2251 son-

151 2289 278 2356 tentias
309 2290 351 2355 de
384 2293 562 2376 poetarum
591 2293 667 2356 arte
692 2293 727 2356 et
751 2288 914 2356 similibus
947 2293 1048 2357 rebus
1081 2288 1237 2376 prolatas
1259 2329 1303 2338 -

151 2393 354 2461 Aristotelis
387 2400 501 2461 tamen
531 2394 656 2460 librum
686 2394 760 2461 fere
783 2394 882 2462 nimis
905 2395 1093 2461 laudabant
1116 2433 1157 2442 —
1179 2394 1304 2461 nodum
1373 2416 1376 2421 ·

152 2500 351 2586 diligentius
376 2500 482 2586 ipsam
512 2504 668 2567 veterum
703 2504 811 2566 artem
844 2501 1012 2587 poetieam
1043 2498 1157 2566 conati
1190 2499 1303 2567 sinte

152 2605 288 2672 scholiis
317 2605 509 2672 0001110000.
555 2606 684 2693 Nempe
707 2606 810 2672 etiam
833 2605 977 2672 deerant
1006 2608 1100 2671 certa
1128 2611 1304 2671 certorum

152 2711 358 2799 scriptorum
392 2710 536 2777 nomine.
582 2709 704 2777 Paucis
737 2714 851 2776 autem
881 2710 922 2776 10
954 2732 1020 2775 000
1053 2708 1112 2796 qui
1142 2707 1186 2774 ad
1214 2707 1303 2776 hanc

151 2840 222 2883 rem
245 2816 358 2904 aliquo
381 2816 479 2882 modo
503 2815 655 2903 pertinet
678 2815 765 2880 libro
789 2837 888 2902 agam
913 2836 1050 2881 0000000
1065 2817 1135 2896 001,
1165 2812 1236 2880 0011.
1261 2812 1304 2881 10

152 2921 268 2989 Adolfi
290 2921 645 3007 Trendelenburgi
669 2920 755 2987 libro
773 2920 826 2986 eui
840 2920 1043 3006 inscriptum
1059 2922 1112 2985 est
1129 2917 1304 2987 Gramma·

152 3027 299 3093 ticorum
317 3017 528 3093 ‘Graecorum
552 3026 593 3092 10
616 3032 694 3092 0010
726 3025 858 3110 tragica
891 3023 1091 3091 iudiciorum
1126 3022 1303 3110 reliquiae,

153 3132 212 3218 qui
243 3131 354 3197 editus
378 3134 432 3197 001
465 3152 552 3196 0000
582 3131 673 3195 1867.
720 3129 858 3196 Scilicet
885 3152 953 3195 non
984 3129 1019 3194 10
1049 3128 1159 3194 animo
1191 3129 1305 3195 estin

154 3237 386 3324 quaestionem
410 3257 531 3302 vocare
554 3234 642 3300 hunc
664 3234 798 3317 librum,
822 3234 946 3322 quippe
969 3234 1003 3299 in
1020 3256 1084 3321 quo
1103 3255 1147 3300 00
1163 3256 1305 3301 comme·

153 3345 286 3406 morata
311 3340 443 3427 quidem
476 3339 740 3423 011000101100
773 3339 959 3426 disciplina,
993 3339 1052 3405 001
1077 3337 1304 3406 adsummam

154 3446 317 3532 quaedam
342 3447 521 3512 annotabo.
567 3445 859 3510 Praemittendum
881 3445 1005 3509 librum
1028 3443 1116 3508 huno
1138 3447 1219 3510 ante
1242 3442 1304 3510 hos

155 3551 382 3638 quadraginta
394 3573 500 3617 annos
513 3550 638 3638 publici
650 3550 733 3616 iuris
748 3571 821 3615 esse
837 3549 974 3630 factum,
999 3571 1102 3636 quare
1117 3571 1185 3615 000
1201 3548 1305 3616 mira-

155 3656 263 3721 bimur
285 3656 385 3721 hodie
408 3656 516 3721 multa
539 3658 658 3720 contra
681 3655 747 3720 dici
770 3677 877 3742 00000.
912 3654 1099 3741 Praecipue
1114 3656 1228 3720 autem
1246 3654 1307 3740 qui

156 3761 197 3827 de
219 3765 297 3828 arte
320 3761 453 3846 0001100
477 3766 512 3826 01
536 3761 576 3826 10
600 3760 764 3826 similibus
797 3762 897 3825 rebus
920 3758 994 3844 agit
1016 3758 1115 3824 hodie
1138 3758 1305 3846 imprimis

156 3868 271 3954 quarti
294 3871 329 3932 et
352 3867 452 3932 tertii
485 3866 610 3932 sacculi
633 3866 726 3932 viros
750 3865 876 3946 doctos,
908 3863 1072 3950 imprimis
1098 3862 1306 3950 Peripateti·

156 3995 220 4055 cos,
253 3973 393 4059 respicit
427 3976 463 4037 01
495 3972 573 4036 1010
595 3971 669 4036 fere
703 3970 814 4034 omnia
838 3973 914 4035 orta
947 3991 1021 4035 esse
1045 3969 1118 4052 scit,
1152 3989 1239 4054 quae
1262 3968 1306 4035 de

157 4077 284 4144 talibus
306 4080 405 4144 rebus
430 4081 465 4143 et
489 4100 549 4164 per
572 4076 698 4143 scholia
730 4079 766 4141 et
788 4098 849 4162 per
879 4075 1118 4162 grammaticos
1150 4073 1306 4162 dispersa

155 4183 394 4266 inveniuntur,
434 4206 501 4248 non
534 4185 649 4248 autem
696 4181 781 4245 illud
828 4202 967 4261 ,aevum
1010 4178 1302 4247 Alexandrinum

157 4289 267 4354 omnia
287 4289 472 4375 protulisse
490 4290 526 4352 et
541 4287 618 4352 inde
635 4286 746 4351 omnia
760 4287 849 4351 bona
864 4284 1051 4351 derivanda
1075 4306 1148 4351 0000
1171 4283 1203 4350 01
1226 4305 1304 4372 000-
