2946 4734
702 264 746 329 44

149 435 242 522 quali
274 435 344 503 scil.
368 435 424 501 via
454 436 553 503 finem
584 441 804 525 assequatur,
839 437 875 503 id
906 438 1086 505 secundum
1116 438 1296 509 arbitrium
1349 490 1352 495 ψ

148 539 230 607 licet
253 540 434 607 instituere
455 544 587 628 poetae,
611 542 787 609 dummodo
811 544 991 631 perveniat
1012 544 1056 610 ad
1077 544 1178 613 finem
1190 546 1223 631 ¹).

236 644 288 711 De
311 647 434 712 comico
456 651 560 733 poeta
582 668 662 714 sane
684 647 771 715 talia
799 653 982 736 praecepta
1010 672 1078 716 non
1100 649 1183 719 data
1206 654 1294 717 sunt.

148 750 224 817 Non
257 751 344 817 enim
377 774 418 817 ex
450 750 614 818 historiae
646 753 790 819 materia
823 753 958 821 fabulas
992 755 1057 821 sihi
1090 755 1203 838 sumit,
1237 755 1297 823 sed

148 855 324 922 materiam
346 857 418 943 ipse
442 855 507 923 sibi
529 860 723 944 praeperat,
746 857 798 924 ita
812 863 852 925 ut
874 864 1134 927 consentaneum
1156 860 1203 927 sit
1221 882 1297 928 eum

148 961 247 1027 simul
270 961 310 1027 de
333 960 470 1027 fabulae
493 965 693 1047 argumento
717 967 753 1029 et
776 962 816 1030 de
840 965 994 1050 personis
1015 965 1169 1052 cogitare
1192 969 1296 1053 atque

147 1069 383 1151 argumentum
405 1066 448 1132 ad
472 1089 632 1152 personas
656 1071 774 1154 aptum
796 1068 910 1135 facere
943 1072 980 1136 et
1012 1069 1166 1136 invicem.
1212 1069 1297 1137 Con·

147 1170 306 1237 ferendus
328 1172 421 1237 locus
445 1171 591 1238 Euanth.
615 1171 667 1238 IV
692 1175 711 1236 2
733 1173 831 1240 modo
855 1175 1058 1261 exscriptus.

235 1277 366 1342 Deinde
404 1277 606 1362 singillatim
636 1279 677 1344 de
707 1279 808 1344 choro
840 1263 974 1366 tragico
1007 1281 1216 1348 oeconomice
1246 1280 1296 1346 in·

148 1381 320 1447 stituendo
344 1382 519 1449 subtiliter
542 1382 752 1470 disputatum
785 1388 838 1450 est
870 1384 1006 1451 scholiis
1037 1384 1109 1452 his:
1149 1384 1207 1453 Αἱ.
1232 1386 1296 1453 134

148 1493 341 1563 πιθανῶς
386 1488 475 1573 αὐτῷ
519 1487 537 1552 ὁ
574 1489 674 1571 χορὸς
719 1489 912 1553 ἐσκεύασται
966 1489 1032 1555 ἀπὸ
1077 1493 1295 1574 Σαλαμινίων

147 1591 281 1674 ἀνδρῶν
339 1602 437 1657 τοῦτο
491 1590 552 1676 μὲν
612 1594 927 1676 παρρησιαζομένων
986 1595 1031 1671 ὡς
1093 1595 1295 1679 ἐλευθέρων,

147 1706 246 1762 τοῦτο
283 1695 318 1760 δὲ
353 1704 540 1779 συμπαθῶς
573 1696 717 1782 ἐχόντων
753 1699 797 1774 ὡς
832 1703 978 1765 πολιτῶν
1011 1697 1066 1765 καὶ
1104 1702 1297 1785 αἰδημόνως

148 1803 342 1866 λαλούντων
365 1802 409 1878 ὡς
431 1803 611 1887 ὑπηκόων·
635 1805 676 1868 ού
700 1804 762 1885 γὰρ
794 1807 984 1870 πιθανὸν
1016 1805 1050 1883 ἐξ
1069 1804 1208 1890 Ἀχαιῶν
1231 1807 1296 1871 εἰσ-

148 1906 242 1987 άγειν
265 1905 320 1972 καλ
344 1908 399 1971 διὰ
421 1910 458 1973 τὸ
471 1909 515 1992 μη
539 1909 771 1992 συνάχθεσθαι
787 1907 841 1974 καὶ
866 1911 980 1974 διὰτὸ
1002 1911 1047 1993 μὴ
1070 1911 1295 1994 προσκρούειν

148 2016 192 2099 τῷ
223 2015 363 2094 βασιλεῖ,
397 2015 435 2078 τὸ
470 2012 506 2078 δὲ
539 2025 606 2078 τῶν
639 2016 858 2097 αἰχμαλώτων
891 2016 1113 2098 κηδεμονικὸν
1146 2012 1217 2099 μὲν,
1251 2015 1296 2090 ὡς

149 2119 316 2202 Αἰσχύλος
339 2118 376 2183 έν
399 2122 582 2202 Θρῄσσαις,
616 2118 656 2183 ού
679 2121 746 2202 μην
770 2119 1012 2202 εὐπρόσωπον·
1048 2120 1110 2203 ὅρα
1133 2121 1196 2206 γὰρ
1220 2111 1295 2187 οἷον

147 2224 376 2306 αἰχμαλώτους
391 2223 545 2306 ἐπιτιμᾶν
562 2232 607 2310 τῷ
623 2202 798 2309 Μενελόω,
812 2224 940 2290 Phoen.
952 2226 1015 2289 202
1032 2227 1100 2290 ἔδει
1116 2223 1164 2308 δὲ,
1179 2223 1294 2309 φασὶν,

148 2328 212 2393 ἀπὸ
237 2330 419 2392 πολιτίδων
441 2327 462 2410 ἢ
485 2330 695 2411 συγγενίδων
722 2339 779 2413 τῆς
797 2329 964 2413 Ἰοκάστης
989 2332 1048 2396 τὸν
1070 2331 1173 2413 χορὸν
1195 2325 1292 2410 εἰναι,

147 2434 269 2508 οἵτινες
297 2435 435 2515 ἔμελλον
468 2437 775 2516 παραμυθήσασθαι
809 2434 913 2518 αὐτὴν
936 2433 990 2499 έπί
1012 2446 1083 2511 τοϊς
1105 2438 1293 2519 συμβᾶσιν·

148 2537 299 2621 ἐπίτηδες
322 2535 358 2601 δὲ
382 2540 443 2603 ούκ
467 2542 553 2604 εἰσιν
577 2539 732 2621 ε’γχόιριαι
749 2541 786 2604 αι’
798 2540 863 2605 ἀπὸ
885 2551 945 2606 τοῦ
968 2550 1080 2624 χοροῦ,
1105 2540 1188 2605 ἀλλὰ
1203 2539 1295 2620 ξέναι

148 2642 202 2708 καὶ
233 2645 437 2725 ἱερόδουλοι,
470 2644 560 2720 ὅπως
582 2644 618 2709 έν
641 2657 711 2721 τοῖς
744 2644 816 2728 ἑξῆς
840 2645 944 2721 ιἰδεῶς
976 2645 1182 2728 ἀντιλέγοιεν
1211 2647 1296 2729 πρὸς

148 2751 208 2832 τὴν
234 2748 443 2825 Ἐτεοκλέους
474 2749 607 2814 ἀδικίαν
637 2751 726 2834 (526)
758 2752 830 2831 ,οὐκ
863 2747 901 2816 εὖ
931 2747 1045 2833 λέγεινΙ
1070 2751 1132 2833 χρὴ
1162 2751 1207 2834 μὴ
1241 2749 1295 2815 έπί

148 2867 217 2931 τοῖς
247 2857 359 2937 ἔργοις
390 2858 534 2931 καλοῖςζ·
559 2853 608 2919 ἀεὶ
632 2858 694 2938 γὰρ
723 2857 740 2922 ὁ
764 2857 862 2940 χορὸς
900 2858 1206 2939 παρρησιαζόμενος
1234 2865 1295 2922 τοῦ

149 2961 281 3024 δικαίου
311 2964 516 3042 προΐσταται.
548 2973 617 3036 πῶς
640 2957 702 3026 οὖν
726 2964 867 3044 ἔμελλον
894 2963 953 3026 τὸν
976 2960 1114 3044 βασιλέα
1137 2959 1295 3046 ἐλέγχειν,

148 3067 179 3128 εἰ
192 3064 248 3129 ὑπ’
274 3065 376 3130 αὐτοῦ
394 3065 638 3148 ἐβασιλεύοντο.
685 3065 813 3147 Quibus
838 3065 973 3131 scholiis
998 3066 1175 3152 exquisitis
1201 3063 1295 3134 seho-

148 3169 270 3236 liastae
294 3175 414 3255 poetae
430 3170 525 3256 quasi
547 3170 715 3236 officinam
737 3171 832 3236 nobis
856 3170 1025 3257 aperiunt,
1049 3178 1088 3237 nt
1111 3171 1295 3253 videamus,

149 3278 277 3360 quanta
317 3275 497 3361 diligentia
539 3297 651 3340 omnes
695 3298 749 3340 res
795 3275 939 3341 debeant
984 3277 1020 3340 in
1064 3277 1297 3362 quaestionem

150 3381 263 3446 vocari
301 3390 403 3466 atque
440 3380 648 3466 praeparari,
689 3385 727 3446 ut
765 3380 914 3464 singulas
945 3381 1081 3447 fabulae
1110 3390 1228 3468 partes
1259 3385 1297 3448 et

148 3487 328 3572 praecipue
352 3508 460 3550 mores
484 3509 705 3572 personarum
719 3487 771 3551 ita
793 3487 1027 3569 instituantur,
1051 3490 1092 3553 ut
1107 3491 1210 3574 aptae
1226 3487 1297 3554 sint

148 3592 191 3658 ad
215 3595 346 3657 ceteras
369 3594 510 3677 totaque
535 3614 589 3657 res
614 3592 661 3656 sit
685 3596 824 3675 πιθανή.

237 3695 334 3776 Quod
379 3719 445 3760 non
483 3696 590 3761 minus
628 3696 717 3762 clare
756 3701 791 3762 et
829 3696 1004 3762 subtiliter
1045 3702 1297 3765 enarraverunt

149 3800 350 3867 scholiastae
365 3800 401 3864 in
421 3802 469 3867 eis
494 3801 639 3880 scholiis,
664 3802 783 3888 quibus
809 3801 849 3867 de
873 3802 1009 3867 fabulae
1024 3801 1219 3887 argumenti
1241 3824 1297 3869 ex·

148 3906 317 3993 positione
341 3910 486 3993 aposta
520 3907 768 3992 spectatoribus
802 3906 1017 3993 proponenda
1045 3912 1198 3993 egerunt.
1243 3906 1296 3973 De

149 4033 215 4096 qua
238 4034 276 4077 re
299 4012 399 4098 paulo
424 4012 559 4097 longior
582 4034 655 4077 esse
679 4012 792 4077 debeo.
839 4011 996 4077 Pertinet
1013 4012 1101 4078 enim
1116 4012 1296 4100 praecipue

148 4115 230 4180 haec
263 4115 429 4201 expositio
463 4116 506 4182 ad
540 4122 660 4203 poetae
693 4117 857 4182 virtutem
894 4136 1055 4203 personas
1088 4116 1296 4183 oeconomice

212 4225 269 4324 ’λγ
286 4226 346 4309 Non
364 4263 441 4310 recta
460 4264 488 4311 et
506 4258 589 4325 plana
609 4259 652 4311 via
670 4257 750 4311 finem
777 4265 932 4310 assecutum
952 4273 1011 4311 esse
1030 4255 1193 4325 Euripidem
1214 4256 1296 4327 Didy-

150 4360 207 4397 mus
229 4347 334 4398 censuit
353 4363 372 4398 s.
395 4344 479 4398 Andr.
501 4350 562 4414 885,
582 4347 616 4399 cf.
637 4347 718 4400 etiam
738 4347 802 4399 Hec.
823 4350 883 4398 241.
