2946 4734
647 339 893 411 —ll-¹

149 397 264 569 A

220 533 269 571 ers.
288 517 304 570 3
322 535 381 586 sqq.

237 622 313 665 ‘nam
330 622 392 659 cum
411 604 497 667 leone,
515 621 578 658 cum
596 607 713 668 excetra,
731 621 791 658 cum
812 620 900 672 cervo,
918 621 979 658 curn
998 621 1066 672 apro
1087 603 1218 668 Aetolico,

247 709 309 746 cum
327 689 424 745 aribus
441 689 644 759 Stymphalicis,
662 707 725 745 cnm
746 692 851 745 Antaeo
869 688 1002 745 deluctari
1020 688 1148 745 mavelim

247 796 331 848 quam
348 795 412 832 cnm
430 778 537 831 Amore.

246 866 318 944 Quo
340 865 454 930 eodem
474 865 539 929 fere
560 864 658 929 modo
681 865 897 928 admonentur
918 867 1080 928 amatores
1101 883 1121 928 a
1140 864 1290 947 Vergilio
1299 873 1332 933 et

161 966 287 1043 Ovidio,
310 985 352 1029 ne
371 965 483 1029 Amori
504 964 670 1028 resistant:

198 1073 276 1128 ovid.
295 1088 380 1125 amor.
397 1071 409 1123 I
428 1070 546 1139 2,8sqq.

250 1161 278 1213 31
295 1174 416 1228 possessa
432 1157 506 1211 ferus
520 1159 633 1226 pectora
655 1157 742 1210 versat
759 1155 851 1207 Amor.

215 1245 341 1308 cedimus,
366 1261 403 1298 an
420 1241 542 1297 subitum
559 1241 690 1296 luctando
708 1239 880 1299 accendimus
897 1238 1013 1308 ignem?

249 1332 390 1387 cedamus!
414 1331 474 1385 leve
490 1330 530 1398 fis,
555 1327 628 1397 quod
643 1327 714 1383 bene
733 1327 820 1396 fertur
839 1343 914 1382 onus.

198 1418 277 1473 ovid.
297 1418 397 1473 remed.
416 1418 466 1471 530
479 1435 518 1484 sq

350 1507 379 1559 et
397 1507 446 1558 tna
462 1520 557 1558 sacrm
575 1504 661 1556 Amor
676 1499 727 1554 sub
742 1500 811 1570 pede
829 1500 899 1555 colla
916 1501 1031 1603 premit:

300 1590 391 1646 desine
410 1590 517 1644 luctari

200 1679 303 1748 Vergil.
322 1679 405 1748 eclog.
423 1679 450 1730 X
469 1678 502 1730 69

292 1764 386 1819 omnia
400 1762 487 1818 vincit
505 1763 604 1816 Amor:
624 1765 652 1816 et
669 1780 719 1816 nos
736 1762 863 1816 cedamus
883 1761 987 1817 Amori.

250 1854 319 1916 lam
337 1850 543 1915 verosimilia
558 1851 658 1914 verba
676 1850 769 1914 nobis
788 1855 961 1914 occurrunt
984 1851 1071 1932 apud
1087 1851 1335 1915 Heliodorumll

168 1952 234 2030 7,ss
264 1954 370 2014 ταῦτα
392 1954 468 2031 μὲν,
499 1951 578 2032 ἔφη,
609 1950 662 2011 καὶ
685 1951 832 2011 ἐπαίνων
852 1945 931 2024 ἄξια
960 1949 1029 2011 κατ’
1060 1951 1118 2030 ἐμὲ
1141 1950 1252 2036 κριτήν
1279 1952 1334 2014 καὶ

166 2048 276 2128 ἄλλον,
299 2047 388 2124 ὅστις
400 2048 516 2129 Ἔρωτι
539 2049 795 2130 neocaesarea
816 2045 945 2134 ἡττήθη
967 2071 1002 2109 τε
1024 2050 1086 2133 τήν
1102 2049 1213 2132 μάχην
1234 2051 1335 2135 ἡδέως

166 2152 220 2213 καὶ
242 2151 392 2213 rdxsr‘rov
415 2146 592 2231 σωφρόνως
614 2151 749 2229 ἔγιΗωκει
771 2148 983 2255 dnnpurrnrn
1007 2145 1180 2229 πτώματα

250 2258 372 2322 Deinde
404 2258 444 2321 de
476 2257 595 2320 invicto
621 2257 750 2320 Amoris
780 2257 918 2337 impetu,
953 2261 1028 2320 cont
1029 2277 1065 2320 ra
1095 2277 1190 2357 quem
1223 2279 1335 2323 onmes

168 2360 285 2422 frustra
310 2362 464 2439 pugnent,
487 2349 588 2438 agunt
609 2357 642 2420 hi
665 2357 741 2420 loci:

203 2457 282 2510 Ovid.
301 2455 403 2511 heroid.
422 2455 459 2508 IX
479 2456 512 2508 25
530 2473 561 2524 sq

255 2561 336 2612 quem
355 2560 411 2596 non
430 2541 504 2596 mille
522 2542 610 2605 ierac,
640 2558 721 2609 quem
740 2557 796 2594 non
815 2541 987 2596 Stheneleius
1003 2541 1097 2605 hostis,

289 2646 346 2682 non
365 2627 458 2697 potuit
477 2627 545 2682 luno
564 2627 687 2695 vincere,
712 2627 798 2680 vincit
817 2629 909 2687 Amor,

169 2722 200 2779 et
229 2716 317 2779 Ans
304 2715 423 2779 aenetr
452 2716 542 2797 epist.
520 2716 672 2793 t,115
707 2717 819 2797 plln
849 2715 912 2795 (ed.
942 2715 1099 2793 Hereher)
1133 2711 1270 2794 ’Ἑρωτος
1299 2717 1336 2777 δὲ

170 2823 327 2897 φυέντος
341 2823 448 2895 ye'yors
467 2816 632 2902 perpacatis
648 2813 786 2886 33113ςὸ
803 2822 881 2886 τέως
903 2811 1043 2893 θρασύς,
1066 2816 1119 2891 καὶ
1142 2816 1203 2896 τήι
1224 2815 1338 2890 defficit

169 2915 293 2976 α’κυνιτὶ
333 2937 587 2994 προςαπατεηας
628 2912 785 2993 (ὁμολόγει
820 2915 881 2996 τήν
913 2903 1034 2998 ἧτται,
1073 2918 1130 2998 τῆς
1162 2914 1200 2976 δὲ
1232 2915 1338 2998 μάχης

172 3011 384 3093 ὑπαπεχώρει
426 3015 511 3078 Turn
534 3015 651 3078 arcessi
672 3020 823 3096 possunt:

206 3114 287 3182 Prop,
307 3112 333 3165 11
351 3113 394 3179 30,
405 3112 436 3164 31
453 3130 492 3180 sq.

323 3199 421 3268 quodsi
439 3217 518 3254 nemo
537 3201 623 3267 extat,
642 3197 690 3266 qui
710 3196 806 3252 vicerit
824 3197 897 3251 alitis
916 3216 1001 3264 arma,

321 3317 324 3322 ·
393 3285 544 3340 communis
563 3285 660 3355 cnlpae
680 3303 727 3337 cur
744 3303 805 3338 reus
823 3303 892 3337 3333
911 3286 997 3354 agor?

174 3381 200 3427 et
220 3372 340 3443 Philippi
359 3372 530 3442 epigramma
548 3370 653 3424 anthol.
673 3371 729 3424 Pal.
750 3370 802 3423 xli
821 3371 879 3437 215,
893 3371 908 3423 7
922 3389 962 3438 sq.

398 3455 450 3511 onix
468 3455 557 3530 ἄχθος
577 3464 693 3527 θνητοῖς
711 3458 801 3510 εἴκειν
819 3455 958 3526 βελέεσσιν
977 3451 1108 3525 Ἐρώτων,
1143 3515 1146 3520 .

449 3544 582 3615 δαίμονες
601 3536 642 3602 οἷς
660 3537 751 3595 ὅπλων
771 3541 876 3615 κόσμον
895 3542 1001 3596 ἔδωκαν
1021 3542 1105 3615 ἔχειν.

259 3641 360 3704 Porro
381 3640 510 3703 Amoris
539 3640 623 3702 iussa
646 3639 808 3702 celerrime
832 3643 863 3702 et
890 3637 1128 3702 accuratissime
1151 3636 1345 3717 perficienda

180 3762 248 3805 esse
269 3741 404 3822 legimus
425 3740 512 3821 apud
535 3739 704 3803 Plautum:

214 3840 320 3893 Curcul.
336 3838 352 3891 3
365 3856 423 3907 sqq.

371 3951 427 4002 quo
445 3933 537 3987 Venus
557 3933 715 4002 Cupidoque
734 3931 867 4001 imperat,
885 3930 980 3983 suadet
1000 3932 1097 3979 Amor:

366 4019 390 4072 si
408 4018 500 4072 media
518 4034 573 4070 nox
591 4021 639 4080 est,
659 4017 715 4071 sive
734 4021 774 4070 est
795 4015 884 4085 prima
904 4032 1023 4083 vespera,

365 4102 388 4157 si
407 4106 503 4168 status,
522 4103 662 4160 condictus
681 4121 742 4157 cum
761 4102 840 4155 hoste
860 4099 1006 4154 intercedit
1024 4098 1088 4159 dies,

366 4192 461 4243 tamen
480 4191 521 4244 est
539 4189 674 4254 eundum,
702 4205 756 4256 quo
774 4188 914 4255 imperant
930 4182 1059 4252 ingratiis
