2946 4734
758 198 799 261 70

187 403 312 468 tantum
336 395 486 470 concede,
507 390 572 454 iam
595 386 718 448 veteres
739 380 850 461 poetas
872 398 1003 462 graecos
1025 377 1057 440 in
1080 380 1275 444 carminibus
1293 383 1359 447 suis

192 507 374 572 adhibuisse
393 501 517 585 singula
540 498 726 566 consolandi
756 499 954 575 argumenta,
976 494 1092 575 quibus
1121 492 1233 570 postea
1253 481 1360 562 philo·

185 608 277 689 sophi
309 610 341 670 et
367 605 510 668 rhetores
548 600 726 665 utebantur
760 598 801 660 ad
823 594 1055 661 consolationes
1093 594 1357 672 conscribendas;

184 709 239 771 sed
264 705 459 789 philosophis
482 703 613 766 demum
635 703 666 763 et
688 699 869 763 rhetoribus
892 697 1000 760 deberi
1022 698 1102 777 puto
1123 694 1357 760 consolationes

185 806 382 888 argumentis
406 800 646 887 lphilosophicis
695 800 864 862 instructas
886 803 917 862 et
961 797 1122 862 dialectice
1165 796 1357 861 elaboratas.

182 904 523 970 DeindeAlexandrini
545 906 659 984 poetae
680 901 799 982 quique
822 902 1017 982 disciplinam
1038 920 1148 964 eorum
1166 906 1241 963 sunt
1256 902 1355 965 secuti

182 1008 374 1087 exceperunt
412 1003 472 1066 hoc
512 1003 689 1066 litterarum
721 1020 831 1080 genus,
859 1000 944 1083 quod
979 1001 1103 1083 poetice
1134 1002 1266 1083 quidem
1294 1004 1353 1068 sed

181 1106 339 1169 rhetorico
362 1104 458 1167 modo
479 1102 655 1168 coluerunt.
697 1104 727 1167 A
754 1103 881 1167 Graecis
912 1107 1019 1169 autem
1046 1102 1184 1167 Romani
1205 1126 1278 1173 cum
1302 1131 1354 1176 ce·

182 1206 254 1268 tcris
277 1203 453 1267 litterarum
476 1204 645 1284 generibus
673 1203 918 1268 consolatorium
939 1224 1069 1288 quoque
1099 1213 1302 1287 acceperunt,
1321 1216 1354 1276 et

180 1304 422 1385 iniii0„prosaici
444 1305 613 1386 scriptores
635 1304 772 1369 maxime
789 1304 820 1367 id
835 1304 983 1370 colebant
997 1305 1201 1389 philosophos
1216 1328 1349 1389 graecos

180 1403 308 1479 imitati,
353 1404 454 1468 donec
497 1403 602 1485 primo
637 1424 668 1485 p.
699 1403 773 1469 Chr.
812 1408 939 1471 saeculo
989 1408 1133 1472 versibus
1180 1410 1351 1475 consolati·

181 1523 258 1566 ones
280 1506 428 1585 componi
452 1510 583 1587 coeptae
604 1509 679 1568 sunt
700 1509 732 1569 et
750 1507 971 1573 scribebantur
994 1511 1086 1591 quasi
1108 1512 1271 1576 suasoriae
1291 1532 1351 1616 po·

176 1604 294 1680 elicae3
333 1625 410 1668 nam
441 1605 537 1670 eliam
566 1606 600 1670 in
628 1608 676 1674 bis
705 1609 903 1691 disciplinam
933 1610 1126 1677 rhetoricam
1157 1608 1347 1698 agnovimus

177 1703 208 1782 (f.
227 1723 257 1784 p.
280 1705 331 1783 59,
355 1706 392 1768 61
417 1726 474 1788 sq„
495 1707 558 1787 67).
