2946 4734
699 223 743 288 30

148 395 242 485 loqui
263 396 435 476 debemus)
467 396 534 463 iam
565 400 747 484 antequam
771 396 948 483 quicquam
970 395 1130 484 loquatur
1152 418 1299 485 persona

149 524 216 567 non
237 501 333 568 nulla
356 502 397 568 de
420 501 491 567 eius
515 507 640 568 natura
663 504 700 567 et
721 501 874 567 moribus
898 500 1079 569 ostendere
1095 501 1298 589 spectatori·

149 609 209 672 bus
233 606 305 694 ipso
328 607 461 673 nomine
487 607 576 693 quod
598 607 750 694 imponit.

238 749 345 830 Quam
376 748 573 837 disciplinae
606 749 810 815 sententiam
840 770 909 814 non
938 751 1075 815 exstare
1104 748 1141 813 in
1163 747 1298 815 scholiis

150 853 290 920 Graecis
306 854 450 940 tragicis
467 857 726 920 consentaneum
750 858 813 936 est,
838 876 910 919 cum
928 853 1182 939 tragoediarum
1205 853 1297 919 ratio

148 959 238 1045 quod
261 958 305 1024 ad
339 959 425 1025 hanc
449 982 520 1025 rem
544 959 696 1045 pertinet
729 958 868 1024 diversa
904 958 949 1025 sit
985 981 1006 1024 a
1040 957 1297 1025 comoediarum.

149 1063 287 1149 Tragici
311 1064 380 1130 scil.
411 1067 532 1150 poetae
555 1086 775 1150 personarum
792 1064 982 1130 nominibus
1005 1062 1090 1129 nihi]
1107 1062 1297 1150 significare

147 1171 345 1255 potuerunt,
369 1169 491 1256 qnippe
504 1169 562 1255 qni
573 1191 641 1234 non
653 1169 720 1255 ipsi
734 1191 774 1234 ea
790 1169 1035 1254 excogitarent,
1060 1168 1120 1234 sed
1134 1170 1177 1234 ab
1193 1167 1298 1234 histo-

148 1274 201 1339 ria
224 1273 416 1360 acciperent
439 1278 480 1340 ut
501 1276 611 1340 totam
634 1274 797 1340 fabulam.

234 1415 403 1482 Personae
433 1416 469 1481 in
502 1437 655 1482 scaenam
686 1415 846 1482 inductae
870 1419 932 1482 aut
953 1419 1072 1482 tacent
1095 1416 1156 1482 aut
1178 1415 1296 1500 agunt

148 1521 215 1588 Sed
246 1544 288 1587 ne
323 1521 364 1587 de
396 1521 587 1586 tacentibus
617 1519 751 1607 quidem
774 1521 1011 1608 inertibnsque
1034 1521 1189 1607 personis
1212 1517 1299 1585 nihil

146 1626 296 1692 indicare
312 1628 427 1712 potest
449 1625 697 1712 spectatoribus
713 1628 826 1713 pocta,
849 1626 949 1691 immo
971 1625 1124 1712 quamvis
1148 1625 1296 1705 taceant,

148 1736 262 1798 tamen
293 1730 421 1818 aliquid
443 1730 605 1817 produnt,
641 1730 684 1797 cf.
717 1730 819 1797 schol.
848 1730 961 1797 Prom.
996 1732 1061 1796 436
1094 1739 1297 1796 σιωπῶσι

147 1839 257 1919 παρὰ
280 1848 481 1919 ποιηταῖς
502 1838 550 1900 τὰ
576 1840 787 1918 πρόσωπα
810 1837 830 1920 ἢ
855 1837 904 1901 δι’
932 1837 1188 1915 αὐθάδειαν
1212 1885 1219 1899 .
1245 1833 1297 1918 .ἣ

148 1943 204 2007 διὰ
225 1942 404 2026 συμφορὰν
428 1992 434 2006 .
461 1993 467 2006 .
492 1941 512 2025 ἢ
537 1943 592 2006 διὰ
615 1947 821 2024 repsonsum,
845 1942 888 2007 cf.
905 1942 1027 2008 Aesoh.
1042 1941 1094 2008 vit
1107 1963 1141 2029 p.
1158 1941 1178 2005 3
1193 1937 1297 2005 Dind.

147 2050 254 2131 μόνον
277 2049 340 2130 γὰρ
360 2051 453 2130 ζηλοῖ
472 2053 550 2129 κτλ,
576 2046 677 2113 schol.
698 2047 806 2112 Arist.
820 2048 906 2113 Ran.
932 2047 1005 2128 911,
1021 2047 1095 2129 916,
1120 2045 1206 2112 Don.
1230 2041 1296 2109 Ad.

149 2153 247 2218 1672
273 2173 404 2237 ‚magna
421 2151 626 2238 contemptio
649 2153 815 2220 minarum
838 2151 969 2218 lenonis
991 2174 1059 2218 non
1082 2147 1297 2237 respondisse

148 2258 351 2325 Aeschinum
372 2256 417 2323 ad
441 2279 490 2339 ca,
516 2278 600 2344 quae
625 2256 733 2338 dixit‘,
758 2256 801 2322 of.
826 2257 930 2322 etiam
953 2257 1038 2322 Eun.
1060 2256 1177 2322 4761.

236 2399 303 2466 Sed
333 2399 464 2464 maiora
497 2398 662 2464 adeamus
720 2397 798 2464 Scil.
834 2399 951 2483 agitur
984 2398 1024 2464 de
1057 2398 1107 2463 his
1143 2390 1296 2464 scholiis}

150 2503 251 2591 Soph.
275 2502 336 2569 vit.
355 2505 416 2568 sub
432 2503 487 2567 fin,
513 2499 583 2567 olda
607 2500 643 2568 δὲ
666 2504 785 2586 καιρὸν
801 2514 1026 2588 συμμετρῆσιιι
1042 2501 1096 2568 καὶ
1111 2503 1298 2586 πράγματα,

149 2609 221 2676 ὥστ’
260 2610 305 2673 ἐκ
339 2607 833 2694 μικροῦὴμιστιχίουῆ
866 2609 1024 2689 λέξεως
1057 2620 1161 2694 μιᾶς
1192 2610 1297 2674 ὅλον

148 2718 396 2800 ἠθοποιεῖν
429 2714 476 2779 τὸ
519 2716 769 2796 πρόσωπον,
816 2737 881 2801 quo
924 2717 1046 2783 clarius
1089 2716 1201 2802 ipsum
1233 2715 1295 2781 dis·

148 2820 295 2908 ciplinae
317 2824 535 2907 pracceptum
560 2819 720 2886 exhibent
743 2820 941 2887 Donatiana
964 2821 1030 2887 Ad.
1055 2823 1162 2888 288.3
1188 2842 1296 2908 ‚per-

149 2949 278 2993 sonae
313 2929 388 2991 aut
419 2947 467 2991 ex
504 2926 596 2990 suis
631 2926 781 2992 verbis
816 2926 1105 2993 insinuantur
1139 2934 1214 2993 aut
1248 2949 1297 2992 ex

147 3031 339 3112 alicnis‘,
375 3031 526 3117 adquae
550 3032 663 3112 verba,
699 3054 741 3097 ne
777 3031 947 3098 dubitatio
980 3032 1129 3114 oriatur,
1164 3031 1297 3098 addidit

148 3136 332 3203 scholiasta
357 3158 408 3217 ‚ex
432 3136 512 3217 suis,
536 3140 576 3202 ut
598 3158 686 3202 nunc
708 3159 856 3223 persona
879 3136 1075 3219 Sostratae,
1100 3159 1142 3203 ex
1165 3136 1296 3219 alienis,

146 3246 187 3308 ut
208 3241 307 3307 initio
323 3240 485 3307 Aeschini
507 3263 653 3327 persona
676 3263 717 3306 ex
735 3242 888 3308 Minionis
907 3244 1062 3310 oratione
1077 3266 1116 3311 ao
1128 3246 1295 3325 Demeae,

147 3346 213 3413 An.
237 3346 340 3412 2062
384 3368 589 3432 ,persona
619 3351 694 3411 aut
729 3349 777 3412 ab
801 3348 948 3414 altero
973 3349 1297 3416 commendatur

149 3455 225 3517 aut
248 3450 994 3537 seipsampopulocommendataut
1018 3456 1125 3521 etab
1150 3454 1296 3520 altero

144 3556 1298 3650 'commendaturctascipsaputhioDavietperSimonem

149 3684 252 3748 supra
273 3661 363 3747 (164)
387 3659 560 3747 descripta
594 3667 666 3743 est,
703 3662 759 3727 ubi
790 3662 878 3730 dixit
910 3665 1018 3748 „mala
1047 3686 1157 3747 mens,
1188 3663 1295 3730 malus

148 3768 298 3832 666666ίί
323 3770 358 3832 et
380 3765 435 3831 hic
456 3788 517 3852 per
540 3788 585 3847 se,
610 3766 688 3832 dum
711 3766 898 3866 hocxgestu
922 3792 962 3835 ac
985 3793 1138 3837 sermone
1160 3770 1235 3854 agit
1257 3791 1297 3835 ao

148 3872 303 3959 disputat
333 3875 463 3938 secnm‘.
508 3871 691 3958 Loquendo
722 3874 830 3958 igitur
862 3898 1026 3960 personae
1056 3899 1077 3942 a
1105 3885 1208 3963 poeta
1237 3897 1295 3940 no·

146 3981 285 4057 tantur,
316 3977 358 4041 ad
382 3975 470 4063 quod
494 3976 692 4063 disciplinae
716 3984 935 4063 praeceptum
960 3980 1215 4065 significandum
1239 4001 1296 4047 vo·

148 4081 267 4148 cabula
300 4081 383 4147 hacc
416 4082 452 4147 in
483 4081 618 4147 scholiis
641 4083 828 4148 invenimus
854 4085 1024 4151 adhibita:
1059 4086 1296 4169 ἠθοποιεῖν

147 4189 194 4252 τὰ
216 4190 420 4269 πρόσωπα
442 4185 556 4274 (Soph.
581 4186 667 4271 via),
700 4210 921 4274 personarum
944 4193 1297 4276 χαρακιηρισμός

148 4291 240 4377 (Hec.
272 4292 374 4357 3521
399 4317 480 4376 ,χιιο
515 4293 876 4380 locuturi'Pamphili‘‚
913 4296 999 4362 Eun.
1025 4297 1129 4363 301.4
1160 4295 1224 4380 ,hio
1254 4318 1296 4365 ex
