2946 4734
760 243 800 308 56

285 423 398 506 Neque
412 424 487 488 illud
497 425 653 504 omittam,
665 423 884 507 quodquidam
896 423 1093 488 notissimum
1106 420 1360 503 estVarronem¹)

203 521 320 587 referre
335 523 368 588 in
391 525 541 589 conviviis
557 525 607 588 vel
629 544 648 588 a
670 524 878 606 propinquuis
897 523 945 588 vel
959 542 978 585 a
992 523 1090 586 servis
1107 521 1278 586 cantitatas
1300 541 1369 586 esse

203 622 313 687 laudes
340 625 514 700 maiorum,
543 629 574 686 et
603 623 785 687 Ciceronem
800 622 824 701 2)
856 623 980 686 tradere
1001 621 1107 684 multis
1135 619 1266 684 saeculis
1295 623 1370 683 ante

205 722 335 787 Catonis
364 726 501 787 aetatem
530 724 563 786 in
585 723 685 804 epulis
707 723 745 786 de
774 722 931 787 clarorum
956 723 1093 786 virorum
1124 720 1271 785 laudibus
1300 739 1371 784 car-

205 823 293 886 mina
315 824 470 886 cantitata
496 842 564 886 esse
586 842 606 886 a
625 821 754 902 singulis
778 822 926 887 convivis.
974 821 1080 885 Ambo
1102 820 1234 886 fortasse
1255 820 1371 886 bause-

206 926 281 985 runt
302 941 319 985 e
341 921 474 986 Catonis
492 920 683 1002 Originibus

490 1199 526 1262 B.
568 1197 761 1263 Carmina
784 1198 1089 1262 consolatoria.

290 1316 360 1381 Jam
378 1336 453 1380 vero
468 1319 631 1379 vertamur
650 1313 690 1377 ad
709 1319 827 1394 poetas,
851 1313 905 1395 qui
924 1314 955 1377 in
975 1314 1226 1379 consolationum
1244 1333 1373 1396 quoque

208 1436 323 1496 genere
352 1417 451 1481 secuti
482 1419 556 1480 sunt
578 1415 866 1478 Alexandrinorum
897 1414 1104 1496 disciplinam.
1147 1414 1229 1478 Nam
1258 1414 1374 1479 indea

209 1514 333 1579 Catullo
366 1515 597 1580 consolationes
638 1514 781 1595 poeticae
823 1513 1046 1577 scribebantur
1083 1513 1371 1578 Alexandrinorum

210 1616 313 1679 modo.
353 1615 416 1679 Sed
436 1634 541 1696 pauca
556 1617 683 1677 tantum
701 1633 784 1695 quae
805 1612 846 1676 ad
868 1619 1012 1677 nostram
1033 1613 1255 1677 tractationem
1277 1613 1375 1695 perli-

209 1717 308 1778 neant
341 1715 461 1778 hauriri
500 1718 630 1794 possunt
660 1733 677 1775 e
711 1713 905 1776 carminibus
938 1713 1049 1795 lyricis.
1094 1714 1142 1779 lta
1175 1712 1374 1779 Horatius

211 1814 443 1878 consolatorem
474 1834 508 1877 se
529 1812 662 1894 praebet
690 1816 721 1875 et
748 1832 812 1875 non
842 1813 939 1876 modo
965 1833 1064 1877 carm.
1085 1813 1107 1876 l.
1130 1814 1170 1878 28
1197 1815 1372 1879 vanitatem

211 1915 351 1978 ostendit
371 1914 550 1977 studiorum
571 1913 787 1975 humanorum
811 1916 924 1976 contra
945 1913 1105 1977 fortunam
1123 1917 1156 1978 et
1174 1917 1322 1993 mortem,
1344 1919 1375 1981 et

212 2034 310 2078 carm.
342 2014 362 2076 l.
395 2015 424 2077 4.
457 2013 496 2076 14
515 2033 584 2095 sqq.
628 2012 767 2076 Sestium
796 2016 828 2076 et
861 2031 957 2076 carm.
987 2012 1022 2074 ll.
1057 2012 1095 2075 14
1124 2013 1314 2078 Postumum
1344 2018 1376 2080 et

215 2133 312 2177 carm.
336 2114 409 2176 47
442 2113 643 2194 Torquatum
672 2116 703 2174 et
731 2112 809 2192 epist
831 2111 894 2174 l.8
936 2111 1173 2178 Albinovanum
1196 2111 1323 2179 Celsum
1345 2118 1376 2179 et

214 2213 303 2295 epist.
323 2213 343 2276 l.
360 2212 380 2275 4
426 2211 588 2275 Tibullum
605 2215 725 2288 monet,
744 2215 780 2273 ut
800 2211 880 2275 laete
898 2211 1044 2276 fruantur
1059 2214 1143 2277 vitae
1159 2213 1377 2297 voluptatibus

214 2313 369 2394 quamdiu
391 2313 484 2376 liceat
506 2309 584 2392 (arg.
604 2310 641 2391 I),
664 2311 816 2392 quoniam
840 2311 987 2375 omnibus
1009 2312 1192 2377 hominibus
1212 2313 1377 2378 immineat

215 2432 299 2475 mors
316 2418 395 2491 (arg.
408 2409 457 2492 ΙΙ),
480 2429 590 2474 verum
608 2411 701 2474 etiam
719 2410 903 2474 consolatur
922 2430 1021 2474 carm.
1043 2411 1064 2475 l.
1087 2413 1128 2476 24
1149 2412 1377 2494 Vergilium

215 2511 357 2589 Quintilii
375 2511 448 2575 Vari
470 2514 583 2592 poetae
605 2510 695 2573 obitu
714 2509 878 2588 afflictum,
911 2514 942 2573 et
962 2530 1061 2575 carm.
1082 2512 1116 2575 ΙΙ.
1138 2511 1158 2575 9
1196 2512 1377 2594 Valgium

216 2610 370 2673 Rufum
393 2611 591 2674 consularem
611 2610 750 2674 amicum
771 2630 864 2673 suum
883 2615 983 2674 morte
996 2610 1119 2676 delicati
1134 2614 1224 2694 pueri
1241 2615 1380 2694 graviter

216 2711 380 2786 affectum,
410 2710 458 2773 cui
481 2729 599 2773 nomen
627 2715 695 2773 erat
715 2709 836 2791 Mysiae
858 2710 900 2790 (v.
926 2709 986 2791 10).
1028 2711 1172 2794 Denique
1196 2732 1289 2777 suam
1311 2713 1378 2795 glo·

217 2811 296 2872 riam
320 2828 529 2890 permagnam
560 2810 616 2872 sibi
640 2811 841 2890 superstitem
871 2809 938 2873 fore
960 2810 1111 2876 Horatius
1139 2815 1278 2876 ostentat
1306 2833 1380 2895 pos-

218 2912 320 2972 tremo
342 2907 414 2970 libri
435 2908 474 2970 Ill
495 2909 644 2971 carmine.

301 3024 329 3087 ἱ).
362 3023 484 3088 Clarius
522 3024 813 3088 Alexandrinorum
853 3025 996 3088 carmina
1035 3029 1251 3105 agnoscuntur
1293 3027 1380 3109 apud

219 3127 332 3203 poetas
362 3122 515 3201 elegiacos
545 3143 702 3187 romanos.
745 3122 914 3187 Calvum
941 3124 1024 3188 enim
1053 3128 1180 3206 poetam
1211 3126 1249 3189 dc
1278 3131 1381 3190 morte

221 3223 390 3300 Quintiliae
417 3225 521 3287 uxoris
544 3224 736 3288 carminibus
761 3244 793 3287 se
817 3244 884 3287 esse
907 3224 1107 3289 consolatum
1136 3225 1268 3306 legimus
1293 3226 1381 3308 apud

221 3323 380 3387 Catullum
403 3324 440 3404 (c.
460 3324 513 3402 96)
544 3328 576 3386 et
596 3324 798 3405 Propertium
829 3324 870 3407 (3.
898 3326 946 3389 34.
970 3326 1067 3408 89)³).
1110 3326 1167 3390 His
1189 3328 1383 3392 carminibus

221 3423 337 3487 Calvus
358 3424 489 3486 fortasse
509 3423 652 3486 imitatus
674 3429 721 3488 est
743 3424 925 3488 Antimachi
947 3426 1057 3507 Lyden
1084 3431 1116 3490 et
1146 3427 1271 3509 scripsit
1292 3426 1385 3510 quasi

223 3523 469 3587 consolationem
489 3523 529 3586 ad
547 3543 581 3587 se
596 3525 699 3605 ipsum
715 3544 771 3605 per
787 3526 933 3606 exempla
951 3526 1086 3590 heroum
1104 3527 1383 3592 infortunatorum.

223 3624 393 3688 Praeterea
415 3623 605 3688 Catullus
633 3623 739 3687 fratris
770 3626 916 3688 manibus
944 3625 1114 3707 pulchrum
1139 3627 1226 3691 vovit
1253 3647 1384 3693 carmen

225 3730 263 3803 tc.
289 3724 358 3804 101)
382 3743 446 3806 quo
468 3743 630 3788 summum
651 3724 826 3788 fraternum
848 3745 988 3789 amorem
1011 3727 1156 3791 ostendit.
1195 3727 1386 3793 Accuratius

296 3909 320 3978 l)
340 3908 427 3961 Varro
446 3909 519 3977 apud
536 3909 608 3965 Non.
627 3927 647 3962 s.
666 3926 690 3962 r.
710 3908 875 3963 silicernium
898 3911 926 3963 et
944 3928 964 3964 s.
984 3927 1009 3963 v.
1029 3926 1090 3965 assa
1107 3925 1183 3964 voce.

293 3995 310 4046 2
338 3995 413 4048 Brut.
433 3994 471 4048 19.
489 3995 529 4048 75.

295 4085 310 4134 3

311 3997 372 4150 {ot
391 4079 479 4134 Diom.
497 4079 529 4135 G.
548 4080 575 4133 L.
597 4083 618 4134 1.
639 4081 689 4134 376
708 4083 737 4135 et
755 4080 857 4135 Charis.
878 4081 908 4136 G.
930 4081 957 4136 L.
979 4083 1000 4136 l.
1021 4082 1079 4136 101.
