2946 4734
722 213 763 278 43

160 391 271 467 postea
292 407 386 453 usum
409 409 476 453 esse
498 389 580 454 inira
601 391 732 456 docebo.
775 391 895 458 Deinde
916 413 955 457 ex
977 393 1165 478 antiquitate
1186 392 1323 458 traditur

159 484 248 565 λόγος
270 485 503 568 παραμυθικός
527 487 572 560 εἰς
590 488 818 570 Ἀπολλώνιον,
851 512 949 576 quem
970 492 1143 557 Plutarcho
1168 492 1246 556 falso
1277 493 1324 553 at-

160 586 254 648 tribui
282 591 314 649 et
350 607 370 650 a
397 588 523 651 rhetore
551 590 693 670 quodam
726 592 847 656 incerto
879 593 1090 674 compositum
1127 611 1193 656 esse
1230 589 1324 653 Volk-

162 705 298 749 mannus
312 685 332 765 ¹)
355 687 593 751 demonstravit

240 786 347 867 Atque
375 786 484 849 omnia
513 785 566 849 illa
594 792 785 867 argumenta
812 808 896 872 quae
930 790 1018 871 apud
1045 791 1158 870 poetas
1190 787 1323 850 usitatas

160 884 254 948 luisse
271 904 367 966 supra
387 885 606 962 intelleximus,
641 886 736 949 etiam
755 889 973 953 adhibuerunt
995 887 1182 970 philosophi.
1224 886 1271 949 lta
1291 886 1323 948 in

160 983 303 1047 Axiocho
325 1003 391 1065 arg.
411 984 424 1047 Ι
445 986 577 1049 infertur
599 989 747 1049 naturam
771 989 861 1071 quasi
882 989 1124 1053 foeneratricem
1147 988 1320 1050 instantem

158 1088 254 1165 atque
270 1088 434 1163 urgentem
448 1086 544 1147 vitam
558 1088 724 1167 tamquam
745 1087 888 1152 debitum
906 1088 1020 1171 pignus
1046 1089 1178 1168 exigere,
1201 1089 1233 1151 et
1254 1104 1322 1165 arg.

158 1185 183 1248 Il
201 1186 348 1250 darnibus
368 1184 548 1248 hominibus
563 1188 697 1249 mortem
714 1206 781 1250 esse
799 1187 1000 1268 destinatam,
1022 1188 1129 1251 multis
1142 1185 1217 1250 locis
1235 1187 1322 1249 extat

159 1287 249 1368 quasi
272 1284 446 1348 consolatio
473 1303 532 1366 per
551 1284 705 1366 exempla,
734 1285 781 1350 ΙΙΙ.
804 1307 934 1369 quoque
959 1308 1025 1368 arg.
1048 1286 1208 1350 Axiochus
1230 1304 1321 1366 prae-

158 1386 220 1462 bet,
250 1385 376 1464 longam
399 1385 499 1448 vitam
521 1384 664 1448 infirmos
685 1386 817 1450 reddere
845 1390 878 1450 et
902 1392 1004 1451 morte
1026 1387 1152 1451 liberari
1177 1386 1322 1449 homines

157 1506 177 1549 a
199 1485 306 1562 malis,
336 1485 423 1567 quod
444 1483 617 1549 illustratur
646 1484 755 1550 fabula
776 1486 898 1551 Cleobis
927 1490 959 1550 et
982 1487 1102 1551 Bitonis
1129 1487 1238 1550 relata.
1281 1483 1322 1547 lV

157 1590 265 1650 autem
281 1588 480 1664 argumente,
503 1588 539 1647 ut
553 1585 708 1649 memoria
718 1605 776 1650 sua
791 1586 998 1651 immaculata
1015 1590 1153 1662 maneat,
1175 1586 1321 1648 Socrates

156 1689 334 1750 commotus
363 1683 480 1748 refutat
508 1684 644 1749 Critonis
673 1686 847 1750 consilium.
890 1686 1068 1750 Plurimum
1099 1690 1207 1748 autem
1236 1683 1321 1746 valet

156 1786 243 1866 apud
266 1784 470 1866 philosophos
490 1785 720 1865 immortalitas
743 1787 774 1848 in
790 1806 890 1869 quam
904 1805 1030 1867 semper
1050 1788 1217 1849 recurrunt
1236 1788 1319 1846 tam-

156 1904 254 1968 quam
289 1886 319 1947 in
353 1874 571 1966 gravissimum
605 1884 790 1948 consolandi
826 1889 1063 1965 argumentum.
1114 1884 1160 1947 lta
1190 1883 1320 1946 Phaedo

156 1985 299 2064 dialogus
332 1985 386 2063 (68
397 1982 429 2064 a)
459 2003 546 2065 spem
575 1984 695 2065 profert
742 1987 814 2065 post
850 1989 983 2047 mortem
1013 1983 1217 2047 coniunctum
1255 1982 1320 2045 iore

156 2087 257 2150 virum
277 2086 413 2166 probum
431 2102 502 2146 cum
518 2083 685 2147 carissimis
700 2083 892 2161 hominibus
913 2084 998 2166 quod
1016 2083 1126 2147 eodem
1147 2083 1179 2145 in
1196 2082 1320 2162 dialogo

156 2186 302 2248 Socrates
324 2203 452 2266 quoque
473 2187 579 2264 sperat
601 2183 654 2261 (63
668 2203 694 2247 c.
716 2185 753 2248 ci.
776 2185 859 2265 apol.
881 2185 922 2246 40
944 2204 970 2247 c.
993 2181 1093 2263 me).

236 2301 380 2383 Denique
418 2306 502 2365 certe
538 2320 728 2381 cognoscere
767 2301 886 2365 iuvabit
924 2300 1179 2381 dispositionem,
1218 2317 1316 2379 quam

153 2402 331 2485 philosophi
353 2402 383 2464 in
406 2400 674 2465 consolationibus
695 2403 785 2484 sequi
806 2402 887 2466 soliti
900 2400 971 2464 sint.
1000 2399 1097 2465 Cuius
1112 2400 1156 2462 rei
1174 2397 1318 2478 exempto

154 2506 237 2565 certe
265 2505 312 2564 est
339 2501 476 2578 Seneca,
512 2519 608 2581 quem
637 2501 790 2564 artissime
816 2520 850 2564 se
882 2501 923 2563 ad
953 2500 1158 2582 philosophos
1188 2517 1318 2578 graecos

152 2601 357 2684 applicavisse
379 2604 503 2664 constat
514 2598 548 2681 2).
591 2601 711 2665 Seneca
733 2605 841 2665 autem
871 2600 989 2682 ubique
1017 2600 1205 2679 tripartitam
1230 2598 1318 2661 insti·

150 2704 211 2765 tuit
233 2702 484 2782 dispositionem:
514 2701 617 2782 prima
639 2707 729 2782 parte
757 2701 890 2783 praebet
912 2701 1140 2781 expositionem
1166 2717 1247 2779 quae
1271 2700 1318 2761 est

153 2802 201 2865 vel
230 2803 371 2865 narratio
400 2802 449 2864 vel
479 2801 636 2878 laudatio,
673 2803 771 2865 altera
801 2801 917 2865 deinde
944 2820 1019 2881 pars
1049 2803 1096 2862 est
1124 2796 1317 2872 lamentatio

153 2901 243 2964 tertia
278 2900 417 2965 continet
452 2902 553 2982 ipsam
583 2902 838 2966 consolationem.
892 2901 982 2965 Hanc
1015 2898 1252 2978 dispositionem
1282 2895 1314 2956 in

151 2999 368 3064 consolatione
389 3000 430 3063 ad
448 3001 570 3064 Liviam
593 3002 768 3066 adhibitam
792 3023 858 3065 esse
887 3001 950 3064 iarn
975 3018 1071 3080 supra
1102 2994 1317 3060 demonstravi

152 3103 184 3162 et
206 3099 340 3163 Statium
365 3120 494 3183 quoque
515 3122 553 3164 ea
575 3120 667 3165 usum
691 3123 758 3166 esse
779 3102 859 3166 inira
882 3100 1067 3164 videbimus.

478 3423 513 3487 Ε.
546 3423 697 3488 Poetae
720 3424 1000 3487 Alexandrini.

233 3536 294 3600 Sed
327 3539 512 3620 priusquam
547 3541 697 3604 accedam
731 3542 772 3604 ad
802 3541 968 3605 Romanos
1004 3535 1161 3618 agendum
1201 3537 1248 3617 est
1276 3533 1316 3596 de

147 3636 380 3715 Alexandrinis,
403 3659 474 3702 cunr
499 3641 539 3703 ad
562 3661 616 3704 eos
637 3661 766 3724 quoque
789 3641 927 3705 Romani
950 3641 982 3702 in
999 3634 1266 3701 consolationibus
1282 3654 1314 3695 se

220 3835 244 3901 1)
265 3835 336 3888 Plut.
356 3840 421 3891 tom.
440 3837 462 3893 I.
481 3857 506 3907 p.
529 3841 577 3893 130
595 3857 653 3907 sqq.

215 3937 242 4007 2)
261 3936 294 3990 cf.
313 3938 373 3991 Sen.
393 3956 464 3994 cons.
484 3942 519 3994 ad
538 3942 617 3998 Helu.
637 3942 659 3997 Ι,
679 3945 712 4012 3;
731 3946 760 3997 et
777 3960 848 3996 cons.
869 3943 904 3996 ad
924 3942 1007 3994 Mare.
1025 3935 1063 3990 IV
1081 3934 1115 3986 de
1135 3934 1206 3984 Areo
1225 3930 1313 3997 philo·

146 4023 236 4092 „opho
254 4024 329 4092 apud
350 4026 513 4095 Augustum.
