2946 4734
781 234 822 298 58

219 415 353 496 elegiam
378 415 502 496 scripsit
524 414 556 478 in
579 417 715 478 mortem
737 412 894 477 Tibulli
919 412 993 495 (am.
1017 411 1064 477 lll.
1086 412 1135 490 9),
1164 414 1251 476 cuius
1277 412 1382 495 prima

219 519 310 598 parte
339 516 516 596 complorat
538 518 715 590 mortuum,
746 513 845 578 altera
866 517 975 578 autem
1002 514 1167 595 praedicat
1187 533 1279 592 eum,
1308 514 1384 596 quia

218 614 316 696 gloria
337 615 461 696 poetica
482 615 580 696 ipsius
604 614 713 677 mortis
728 613 790 676 vim
811 614 960 678 devicerit
980 617 1011 676 et
1032 614 1064 676 in
1078 613 1159 677 valle
1179 613 1281 695 Elysia
1300 612 1383 676 inter

217 714 407 779 clarissimos
428 718 538 796 poetas
557 717 700 778 versetur
712 714 745 792 ¹).
777 714 894 777 Postea
918 733 956 776 ex
977 713 1081 777 Ponto
1099 712 1230 777 Ovidius
1260 712 1381 794 scripsit

218 814 352 896 elegiam
390 814 630 879 consolatoriam
672 812 713 876 ad
749 811 786 890 Q.
823 813 956 877 Fabium
990 813 1164 877 Maximum
1202 814 1242 877 de
1279 817 1382 876 morte

215 913 470 978 Albinovani
493 913 603 978 Celsi
625 910 730 995 (Pont.
753 912 773 975 l.
797 913 829 991 9)
843 910 881 993 ²).
921 913 1029 995 Atque
1050 913 1118 994 ipse
1139 911 1270 977 Ovidius
1290 933 1381 978 men-

215 1014 333 1078 tionem
367 1015 440 1078 facit
473 1014 553 1077 alius
584 1012 750 1092 carminiS,
783 1013 872 1094 quod
900 1013 932 1076 in
959 1014 1187 1093 Augustum
1217 1016 1378 1077 mortuum

217 1114 444 1196 conscripserit,
467 1113 515 1177 his
533 1113 653 1178 verbis:
677 1113 843 1193 „carmina
860 1113 930 1190 illa,
948 1134 1029 1194 quoe
1047 1114 1085 1178 de
1103 1120 1132 1177 te
1150 1112 1230 1194 (scil.
1243 1111 1380 1176 Caesare

214 1215 371 1296 Augusto)
394 1215 469 1278 misi
496 1214 604 1278 caelite
632 1213 718 1295 facto
740 1212 838 1276 πονῶ*
862 1212 967 1290 (Pont.
989 1213 1018 1276 4.
1040 1216 1069 1279 9.
1094 1212 1181 1296 131),
1212 1213 1286 1276 item
1317 1213 1379 1277 alio

215 1314 284 1379 loco
306 1314 412 1397 (Pont.
434 1315 464 1377 4.
487 1317 515 1379 6.
541 1314 578 1378 17
600 1313 661 1396 sq.)
683 1314 774 1378 dicit:
807 1313 920 1399 „quale
945 1322 1047 1377 tomen
1070 1314 1165 1398 potui
1193 1313 1232 1378 de
1259 1313 1379 1393 coelite,

215 1413 332 1491 Brute,
354 1414 471 1479 recenti
492 1413 570 1496 (scil.
594 1413 770 1495 Augusto),
789 1419 895 1479 vestra
913 1414 1027 1496 procul
1043 1415 1171 1496 positus
1193 1415 1379 1478 cormarrin

215 1534 272 1578 ora
295 1514 400 1579 dedl'“.

295 1612 505 1695 iletrospectu
520 1613 612 1695 quasi
626 1632 712 1677 nunc
728 1613 900 1692 videamus,
920 1613 1036 1695 quibus
1052 1613 1247 1696 argumentis
1262 1617 1377 1696 poetae

212 1714 336 1778 romani
366 1714 405 1776 ad
430 1713 659 1777 consolandum
684 1712 731 1776 usi
752 1712 824 1777 sint.
867 1713 905 1776 Et
934 1714 1071 1793 primurn
1100 1715 1230 1779 fortasse
1256 1734 1377 1780 memo·

211 1813 308 1877 rabile
337 1816 384 1877 est
411 1812 532 1877 clarum
554 1812 631 1875 illud
660 1813 779 1876 dictum
811 1813 896 1894 quod
929 1817 1015 1877 extat
1044 1815 1077 1878 in
1096 1815 1228 1880 Passere
1255 1815 1377 1880 ludicro

212 1912 408 1977 Catulliano:
442 1911 539 1991 „illuc
567 1911 652 1974 undo
679 1917 796 1992 negant
824 1912 930 1977 redire
961 1915 1175 1999 quemquum“,
1210 1915 1296 1996 quod
1329 1919 1376 1978 est

211 2013 425 2094 desperantia,
460 2012 591 2076 iteratur
625 2015 733 2076 autern
769 2013 800 2077 in
827 2012 966 2077 Senecae
1001 2013 1164 2095 apotheosi
1196 2014 1234 2097 (c.
1262 2015 1313 2079 Xl.
1344 2015 1375 2079 in

211 2111 297 2194 tine).
339 2114 352 2176 l
372 2115 613 2194 argumentum,
639 2112 775 2177 lacrimis
796 2112 874 2176 nihil
896 2113 978 2178 effici
999 2118 1111 2178 contra
1137 2114 1275 2178 fatorum
1300 2115 1376 2180 deo·

212 2232 347 2295 rumque
376 2213 540 2277 consilium
568 2211 718 2276 Horatius
749 2213 877 2294 protulit
906 2219 936 2276 et
966 2213 1158 2295 Propertius.
1206 2214 1231 2277 li
1261 2215 1375 2281 deinde

211 2317 400 2393 argumento
422 2313 570 2377 omnibus
590 2312 773 2376 hominibus
793 2313 959 2377 imminere
980 2317 1127 2390 mortem,
1151 2335 1206 2396 per
1228 2315 1374 2397 exempla

210 2412 457 2478 consolabantur
488 2413 639 2476 Horatius
669 2418 700 2476 et
729 2412 755 2475 si
785 2415 870 2477 recte
905 2414 1022 2477 conieci
1055 2412 1181 2478 Calvus.
1229 2414 1373 2478 Tertium

210 2515 317 2576 autem
336 2516 571 2592 argumentum,
594 2517 728 2576 mortem
747 2531 820 2576 curn
835 2533 853 2576 e
867 2513 959 2577 malis
982 2516 1012 2577 et
1031 2514 1159 2577 miseriis
1176 2534 1234 2578 nos
1252 2514 1373 2595 eripiat,

210 2631 277 2676 esse
300 2613 509 2689 laudandam,
533 2631 598 2676 non
620 2611 797 2677 invenimus
817 2613 875 2676 nisi
898 2613 978 2677 torte
1000 2613 1086 2694 apud
1108 2613 1293 2692 Horatium,
1320 2615 1373 2696 qui

208 2712 320 2777 saltem
342 2712 548 2795 conqueritur
564 2712 648 2776 vitae
669 2713 838 2790 molestias,
861 2733 1060 2796 quamquam
1077 2733 1241 2796 nunquam
1263 2714 1374 2781 laudat

209 2816 353 2877 mortem.
386 2813 558 2877 Memoriae
575 2811 671 2876 decus
693 2812 806 2877 deinde
827 2817 988 2877 ostentant
1010 2813 1161 2878 Horatius
1183 2819 1215 2880 et
1232 2814 1372 2882 Ovidius·

208 2911 333 2976 Funera
355 2916 386 2977 et
407 2913 661 2994 propinquorum
684 2912 841 2977 tristitiam
863 2914 1000 2977 afferunt
1019 2912 1162 2978 Catullus
1185 2917 1215 2977 et
1236 2914 1372 2995 Proper·

208 3012 287 3075 tius:
309 3011 452 3077 Catullus
469 3011 554 3075 enim
575 3012 698 3077 luctum
720 3032 758 3076 eo
780 3013 890 3094 augeri
912 3013 994 3089 dicit,
1017 3013 1105 3094 quod
1126 3013 1157 3076 in
1175 3019 1261 3078 terra
1281 3034 1372 3096 pere-

207 3111 297 3192 grina
320 3113 416 3177 frater
437 3112 477 3177 sit
497 3111 656 3193 sepultus,
684 3115 716 3176 et
747 3113 833 3194 apud
855 3112 1056 3195 Propertium
1080 3112 1226 3177 Cornelia
1252 3115 1370 3194 gaudet

207 3231 241 3275 se
262 3231 281 3274 a
299 3211 486 3293 propinquis
509 3232 576 3277 esse
597 3212 837 3294 comploratam.
874 3212 1103 3277 Gravissimum
1123 3212 1252 3277 tandem
1276 3232 1371 3295 argu·

206 3314 369 3386 mentum,
394 3312 494 3375 vitam
514 3315 586 3393 post
608 3317 760 3389 mortem,
786 3312 918 3376 adhibet
938 3313 1138 3394 Propertius,
1164 3313 1252 3394 apud
1273 3336 1369 3398 quern

206 3410 352 3475 Cornelia
381 3411 457 3476 dicit
483 3432 517 3477 se
548 3413 616 3477 sine
641 3432 746 3494 poena
767 3433 951 3478 mansuram
977 3433 1044 3478 esse
1071 3413 1156 3495 apud
1179 3413 1312 3495 inferos,
1339 3419 1371 3482 et

206 3510 374 3592 Vergilius,
407 3530 479 3576 cum
513 3511 595 3577 inter
628 3513 705 3577 deos
736 3511 886 3594 Daphnin
930 3516 1094 3594 receptum
1128 3513 1304 3593 praedicet,
1339 3519 1370 3580 et

205 3608 347 3687 Ovidius,
366 3611 421 3692 qui
443 3611 625 3692 Augustum
646 3613 808 3691 „caelitem
826 3613 971 3695 fortum“
993 3612 1140 3678 celebrat.

289 3711 318 3774 3.
340 3709 433 3774 Nunc
454 3712 706 3794 contemplemur
730 3733 783 3778 eas
809 3713 1058 3790 consolationes,
1088 3728 1171 3795 qnae
1196 3713 1230 3778 in
1256 3713 1370 3781 funera

274 3874 300 3946 l)
320 3873 397 3939 Quod
419 3877 615 3943 argumentum
634 3875 716 3945 plane
739 3875 883 3931 rhetorum
900 3874 968 3940 fuit3
994 3876 1056 3931 vide
1074 3894 1158 3946 supra
1176 3877 1211 3932 da
1230 3876 1371 3948 Hyperide

203 3964 255 4015 etc.
276 3979 299 4028 p.
320 3964 366 4028 443
389 3961 472 4014 etiam
493 3963 527 4015 de
544 3961 685 4031 epitaphio
704 3960 796 4016 Bionis
816 3980 841 4032 p.
861 3963 901 4016 52.

271 4065 298 4132 2)
316 4062 351 4116 oi.
370 4063 435 4120 Hor.
454 4065 534 4135 epist.
553 4065 573 4121 1.
593 4066 618 4119 8.
