2946 4734
628 348 836 413 ..88-

176 524 269 580 Horat.
288 524 339 577 sat
360 518 373 574 I
392 520 460 584 247
475 538 532 590 sqq.

334 607 422 661 tutior
440 610 471 660 at
492 610 597 675 quanto
616 625 692 662 merx
708 612 750 664 est
767 609 797 663 in
814 609 899 667 classe
916 610 1043 680 seeundo,

337 691 528 747 libertinarum
545 692 615 748 dico.

177 812 258 881 Prop.
277 804 301 860 ΙΙ
318 805 360 869 23.
374 804 404 858 l'l
417 822 456 873 sq.

337 891 445 946 differet
463 892 530 946 haec
548 909 698 959 numquam
716 909 766 946 nec
784 895 877 961 poscet
894 890 1013 962 garrula.
1032 891 1104 959 quod
1121 894 1150 946 te

407 977 534 1031 astrictus
552 978 642 1046 ploret
658 994 738 1047 saepe
757 977 862 1032 dedisse
876 981 962 1048 pater.
1064 1038 1066 1043 ,

179 1089 296 1146 Martial.
317 1089 355 1142 IX
375 1088 493 1157 32,3sq.

339 1175 412 1230 hanc
430 1176 499 1240 volo,
517 1191 601 1243 quam
620 1172 732 1227 redimit
751 1176 839 1227 totam
858 1171 988 1228 denarius
1006 1174 1084 1242 alter,

408 1262 480 1314 hanc
499 1261 570 1328 volo,
589 1276 659 1328 quae
677 1259 781 1330 pariter
800 1259 902 1313 sufficit
918 1277 976 1314 una
993 1259 1089 1314 tribua

180 1371 269 1426 Rufin.
289 1390 315 1444 νο
332 1372 398 1440 5sq.

342 1464 401 1517 ταῖς
420 1454 449 1510 dt
464 1455 549 1529 χάρις
567 1457 614 1509 καὶ
629 1451 702 1527 χρὼς
721 1454 791 1513 ἴδιος
811 1455 857 1506 καὶ
875 1453 992 1526 λέκτρον
1012 1451 1126 1524 ἑτοῖμον

411 1540 510 1613 δώροις
528 1539 560 1595 ἐκ
578 1543 717 1611 σπατάλης
735 1537 767 1595 οὕ
786 1537 1011 1611 σελαγιζόμενον.

147 1655 258 1738 Neque
279 1658 459 1719 amatorem
482 1654 574 1717 vanis
596 1652 802 1716 dilationibus
825 1623 1036 1726 frustrantur,
1068 1650 1104 1714 ut
1126 1648 1321 1734 Xenarchus

149 1756 226 1821 dicit
246 1756 359 1836 fragm.
382 1752 412 1831 4,
426 1752 464 1818 13

343 1848 427 1906 nizot
444 1849 586 1921 βιάζονται
607 1848 660 1923 γὰρ
681 1851 832 1905 εἰσέλκουσί
851 1869 889 1904 τε.
999 1844 1001 1848 ⁴

149 1958 251 2035 Quem
275 1958 478 2022 meretricum
500 1977 622 2022 morem
644 1957 756 2022 laudat
773 1957 925 2021 Horatius
936 1955 1160 2021 Philodemum
1176 1956 1321 2020 imitatus

184 2060 234 2113 sat.
255 2057 265 2110 1
285 2058 309 2121 ο,
321 2057 369 2111 121
381 2075 420 2125 sq.
477 2112 480 2116 .

381 2149 453 2204 hanc
470 2148 645 2202 Philodemus
664 2148 705 2203 ait
722 2147 783 2211 sibi,
801 2165 873 2216 quae
890 2165 979 2216 neque
997 2164 1098 2218 magno

296 2239 350 2290 stet
369 2235 467 2305 pretio,
486 2252 575 2302 neque
592 2238 742 2299 cunctetur,
761 2253 822 2290 cum
841 2239 883 2290 est
900 2235 973 2289 iussa
990 2233 1091 2298 venire,

181 2332 209 2384 ab
227 2332 306 2400 Prop.
325 2331 348 2382 11
369 2330 508 2396 23,16sq.

379 2432 429 2470 neo
446 2414 514 2468 sinit
531 2432 586 2469 esse
605 2430 719 2475 moram,
746 2412 769 2465 si
787 2411 848 2480 quis
866 2412 942 2467 adire
961 2411 1041 2476 velim

295 2501 404 2557 differet
423 2501 491 2556 haee
510 2516 661 2568 numquam
679 2517 733 2568 eqs.

150 2610 295 2692 Denique
322 2614 518 2694 respondent
540 2613 655 2677 Eubuli
685 2614 790 2677 verbis
819 2613 932 2691 fragm.
962 2610 1045 2687 oto
1073 2613 1103 2672 et
1133 2609 1222 2690 8⁶45
1254 2605 1324 2680 olas

144 2711 314 2790 Hostiorum
347 2712 456 2791 ἁγνοῖς
486 2710 585 2775 ὕδασι
613 2709 749 2794 κηπεύει
780 2709 877 2789 κόρας
905 2707 1063 2790 Propertii
1086 2708 1115 2771 ΙΙ
1138 2708 1188 2786 23,
1210 2708 1246 2772 21
1278 2707 1319 2772 ‘ei

151 2830 234 2892 quas
256 2812 438 2893 Euphrates
461 2817 492 2876 et
514 2832 595 2894 quas
615 2811 693 2875 mihi
715 2812 801 2875 misit
822 2810 968 2887 Orontes,
991 2827 1042 2872 me
1064 2807 1215 2890 capiaut’.

234 2927 322 2993 Haec
345 2929 475 3010 quidem
499 2928 665 3005 hactenus
690 2929 753 2992 iam
776 2927 960 3009 disputandi
984 2925 1080 2990 finem
1103 2924 1230 3004 faciam,
1253 2945 1320 2989 non

151 3048 215 3110 quo
237 3049 358 3094 omnes.
371 3048 436 3106 res,
470 3050 554 3111 quae
585 3030 667 3092 inter
695 3029 851 3110 elegiacos
880 3032 911 3091 et
937 3028 1077 3091 comicos
1102 3030 1216 3108 poetas
1243 3046 1320 3091 con·

151 3129 308 3206 sentiant,
343 3129 496 3194 dissertae
517 3130 597 3206 siut,
629 3131 685 3193 sed
708 3150 748 3193 ne
770 3129 923 3193 terminos
945 3127 1126 3193 huiusmodi
1149 3126 1321 3209 disputati·

152 3229 277 3294 unculis
303 3249 471 3293 concessos
492 3231 719 3311 transgrediar.
765 3230 879 3292 Restat
901 3229 1003 3306 euim,
1034 3232 1070 3292 ut
1091 3232 1220 3310 praeter
1240 3246 1321 3291 non·

153 3329 257 3393 nullas
288 3330 368 3395 alias
401 3350 451 3394 res
481 3331 637 3412 imprimis
670 3350 846 3411 exponam,
887 3330 1051 3411 quomodo
1088 3329 1186 3394 etiam
1216 3327 1323 3392 felices

152 3433 316 3507 amantes,
354 3429 472 3512 quibus
504 3430 604 3494 Amor
637 3431 742 3495 dulcia
773 3430 879 3508 dedit,
919 3432 962 3495 ab
998 3430 1165 3512 utriusque
1196 3430 1323 3512 generis

154 3532 361 3612 scriptoribus
381 3530 570 3611 congruenti
595 3532 718 3595 ratione
746 3531 977 3595 describantur.
1022 3531 1109 3594 Haec
1131 3550 1209 3593 vero
1229 3529 1321 3594 alteri

158 3632 252 3695 huius
274 3631 470 3713 quaestionis
490 3633 572 3713 parti
596 3632 765 3709 reservavi,
789 3651 886 3712 quam
905 3651 957 3694 me
975 3631 1150 3713 aliquando
1167 3629 1232 3695 alio
1252 3630 1323 3694 loco

155 3733 313 3796 editurum
330 3751 398 3795 esse
413 3751 514 3813 spero.
548 3732 610 3795 Sed
629 3737 661 3794 ul
679 3751 800 3807 eorum,
821 3750 905 3813 quae
923 3730 996 3806 dixi,
1015 3750 1175 3795 summam
1193 3730 1323 3803 faciam,

155 3832 324 3912 exempliS,
349 3851 433 3913 quae
456 3832 616 3912 congessi,
646 3833 819 3913 probatum
842 3830 920 3893 mihi
942 3830 1069 3893 videtur
1087 3849 1127 3893 ex
1148 3830 1323 3895 comoediis

156 3932 270 3996 Atticis
284 3952 347 3995 non
366 3933 468 3996 solum
490 3933 665 3996 sententias
681 3936 737 3995 aut
758 3934 950 4011 argumenta
968 3928 1136 4007 amatoria,
1153 3930 1321 3995 sedetiam

157 4036 260 4095 cerias
283 4034 421 4096 comicas
444 4053 609 4114 personas
631 4034 716 4096 velut
739 4032 855 4096 exclusi
878 4031 1041 4107 amatoris
1064 4028 1199 4095 callidae
1221 4030 1322 4111 lenae,

158 4133 265 4195 militis
287 4134 430 4214 gloriosi,
454 4135 484 4196 iu
505 4134 796 4198 Alexandrinorum
820 4140 852 4197 et
872 4135 1024 4214 deinceps
1046 4133 1077 4196 iu
1099 4131 1322 4197 Romanorum
