2946 4734
732 355 938 420 -5q-

281 537 359 594 Ovid.
378 535 483 592 heroid.
502 534 570 589 XIX
591 535 666 602 (XX)
685 535 719 589 35

437 623 570 687 einooeo,
592 622 666 692 quod
683 639 755 686 amo,
781 622 877 690 fateor,
903 621 961 676 eine
979 621 1033 674 fine
1055 622 1168 677 nocebo.

324 711 408 776 Tum
436 711 606 777 Pleusicles
635 712 666 775 in
700 710 805 774 Plauti
831 710 928 774 Milite
961 711 1038 774 1⁴28?
1060 730 1130 794 sqq.
1160 731 1220 776 sua
1243 713 1412 779 inhonesta

243 810 329 875 lacta
357 830 430 876 cum
461 812 597 876 aliorum
628 812 795 875 hominum
825 815 894 873 tum
921 809 1054 874 Achillis
1083 811 1230 894 exemplo
1257 832 1410 879 excusare

244 913 389 994 conatur,
413 912 468 994 qui
491 917 622 995 propter
644 931 788 976 amorem
803 912 944 975 Achivos
965 910 1067 975 occidi
1089 931 1202 994 passus
1218 912 1268 976 sit.
1312 913 1411 992 Quem

245 1012 287 1076 ad
309 1011 406 1075 linem
424 1011 556 1076 Achillis
579 1013 625 1076 ira
643 1013 740 1077 etiam
763 1012 805 1074 ab
825 1012 967 1092 Horatio,
990 1011 1168 1093 Propertio,
1191 1011 1310 1076 Ovidio
1335 1034 1417 1077 com·

246 1115 461 1175 memoratur:
485 1111 598 1176 Horat.
624 1132 722 1177 carm.
743 1113 768 1175 ll
789 1113 850 1188 AS
866 1132 936 1194 sqq.
965 1110 1202 1194 Propriam
1221 1131 1294 1195 sqq.
1326 1113 1415 1178 Ovid.

245 1231 345 1275 amor.
366 1211 379 1274 l
400 1213 430 1289 9,
442 1211 482 1276 3d
492 1231 562 1294 sqq.
595 1232 696 1278 amor.
722 1213 748 1276 ll
769 1215 797 1289 8,
813 1213 847 1275 ll
864 1231 933 1294 sqq.
963 1215 1024 1275 art.
1048 1212 1073 1274 ll
1095 1212 1151 1275 711
1167 1231 1237 1294 sqq.

330 1312 374 1375 At
404 1312 436 1375 in
459 1311 683 1393 Aristophanis
712 1312 852 1376 nubibus
882 1311 987 1375 iuveni
1009 1311 1181 1389 suadetur,
1213 1314 1249 1375 ut
1271 1311 1418 1376 adulterii

248 1411 376 1493 culpam
400 1411 467 1475 lovi
491 1411 647 1476 attribuat
669 1432 698 1474 v.
725 1413 803 1476 1078
817 1432 886 1494 sqq.

385 1511 483 1582 μοιχὸς
502 1505 557 1581 γὰρ
577 1504 611 1580 ἢν
630 1508 714 1584 τύχῃς
734 1504 825 1576 ἁλούς,
845 1505 913 1563 ταδ’
931 1505 1059 1582 α’ντερεῖς
1076 1507 1146 1582 πρὸς
1161 1507 1256 1576 αὐτόν,

386 1589 423 1656 οἷς
442 1591 523 1649 οὖδὲν
541 1593 682 1666 ἠδίκηκας·
702 1593 752 1650 εἶτ’
771 1597 812 1657 εἰς
830 1593 878 1650 τὸν
897 1593 940 1650 Δί’
959 1594 1169 1666 ἐπανενεγκεῖν,

388 1679 519 1741 κακεῖνος
539 1675 684 1756 niciforum
703 1682 803 1754 ἔρωτός
823 1681 945 1737 ἐστικαὶ
964 1683 1115 1753 γυναικῶν.

387 1771 480 1823 καίτοι
499 1771 531 1822 mi
550 1764 655 1840 θνητὸς
672 1766 712 1823 civ
731 1770 804 1824 θεοῦ
822 1771 880 1831 παῖς
898 1775 995 1843 μεῖζον
1014 1766 1050 1824 ἂν
1068 1770 1181 1835 dducam

247 1860 283 1922 ld
318 1859 421 1940 ipsum
465 1859 541 1922 iacit
573 1857 735 1936 Chaerea,
776 1861 898 1925 iuvenis
929 1860 1178 1938 audacissimus,
1219 1861 1251 1923 in
1279 1851 1418 1924 Terentii

248 1959 424 2037 Eunuch0,
449 1959 504 2040 qui
528 1978 562 2022 se
583 1959 664 2022 lovis
687 1959 778 2024 furtis
800 1961 842 2024 ad
865 1960 1043 2025 vitiandam
1066 1959 1221 2041 virginem
1245 1960 1418 2042 impulsum

249 2079 317 2122 esse
340 2058 470 2122 simulat
491 2079 519 2122 v.
543 2059 685 2140 587sqq.

612 2177 613 2180 ¹
661 2155 801 2225 impendio
819 2157 908 2226 magis
926 2156 1034 2211 animus
1050 2155 1190 2226 gaudebat
1207 2155 1278 2210 mihi

353 2242 434 2297 deum
454 2261 510 2298 sese
528 2243 556 2295 in
575 2243 713 2298 hominem
734 2244 899 2300 convortisse
918 2248 1000 2313 atque
1018 2243 1048 2298 in
1066 2244 1169 2299 alienas
1186 2245 1296 2314 tegulas

353 2329 456 2385 venisse
474 2329 628 2384 clanculum
645 2348 694 2400 per
712 2331 875 2400 impluvium
895 2333 985 2386 fucum
1004 2331 1110 2386 foetum
1128 2331 1245 2386 mulieri.

351 2420 382 2472 al
400 2433 483 2486 quom
501 2416 597 2471 deum!
622 2417 668 2485 qui
688 2419 793 2488 templa
810 2418 879 2473 caeli
897 2437 1004 2473 summa
1022 2418 1113 2472 sonitu
1131 2418 1262 2474 concutit.

351 2521 402 2573 ego
420 2503 472 2557 hoc
489 2503 635 2559 homuncio
655 2521 710 2558 non
730 2506 869 2561 facerem?
893 2523 944 2576 ego
963 2506 1032 2560 illud
1051 2522 1115 2561 vero
1133 2505 1175 2560 ita
1193 2523 1225 2561 ae
1242 2506 1349 2560 lubens.

231 2593 353 2687 'Etiam
379 2593 565 2675 Propertius
597 2597 628 2656 et
651 2593 784 2658 Ovidius
814 2599 846 2659 et
877 2595 1082 2676 anthologiae
1104 2594 1274 2659 Palatinae
1305 2599 1419 2678 poetae

248 2695 376 2776 putant,
401 2692 488 2775 quod
510 2692 574 2756 lovi
596 2692 700 2771 liceat,
724 2695 782 2758 sibi
805 2715 870 2760 non
892 2696 1076 2778 improbum
1099 2715 1184 2759 esse:

283 2799 364 2868 Prop.
384 2798 424 2851 Ill
442 2799 483 2861 ll,
494 2799 526 2851 27
536 2816 574 2866 sq.

358 2903 424 2939 nam
443 2884 509 2954 quid
528 2901 579 2955 ego
597 2885 702 2952 heroas,
721 2885 787 2954 quid
807 2889 915 2955 raptem
933 2885 963 2939 in
982 2884 1098 2940 crimina
1113 2884 1213 2939 divos?

452 2971 576 3042 luppiter
594 2972 713 3027 infamat
731 2989 812 3042 seque
831 2989 962 3040 suamque
981 2972 1100 3026 domum.

284 3066 362 3121 Ovid.
383 3065 488 3120 heroid.
508 3066 545 3119 lV
568 3066 616 3119 133
626 3084 664 3135 sq.

354 3152 477 3224 luppiter
495 3169 552 3208 esse
570 3153 646 3222 pium
665 3153 772 3218 statuit,
792 3153 982 3223 quodcumque
1001 3153 1116 3220 iuvaret,

447 3244 475 3294 ct
493 3241 534 3294 fas
555 3257 636 3296 omne
656 3242 723 3295 facit
741 3243 826 3296 fratre
845 3241 947 3295 marita
961 3256 1044 3294 soror.
1148 3259 1151 3263 ·

285 3326 460 3396 Asclepiades
478 3327 563 3398 epigr.
583 3329 688 3383 anthol.
709 3330 765 3384 Pal.
786 3331 810 3383 V
828 3329 896 3392 64,5

353 3412 429 3466 ἕλκει
446 3410 501 3487 γὰρ
519 3410 550 3486 μ’
571 3411 585 3468 d
604 3416 714 3489 κρατεῖν
733 3418 780 3469 καὶ
798 3415 848 3469 σοῦ
866 3415 951 3482 θεός,
977 3401 998 3488 ᾧ
1016 3434 1084 3469 ποτε
1101 3417 1240 3477 πεισθείς,

446 3501 513 3568 Ζεῦ,
533 3500 579 3555 διὰ
594 3505 735 3576 χαλκείων
749 3499 851 3577 χρυσὸς
870 3503 932 3563 iiiuc
951 3502 1096 3575 θαλάμων.

284 3587 421 3659 Meleager
439 3590 544 3644 anthol.
564 3591 622 3645 Pal.
643 3592 696 3644 Xll
718 3592 801 3654 101‚5

712 3680 775 3745 φίλε
793 3677 888 3750 κοῦρε,
907 3682 933 3731 τί
952 3684 1086 3749 deppam

446 3760 551 3817 καύτὸν
570 3760 616 3817 εἶπ’
639 3767 784 3837 Οὐλύμπου
803 3765 881 3836 Ζῆνα
901 3767 1038 3819 καθεῖλεν
1051 3763 1146 3837 Ἔρως.
1216 3756 1219 3760 ⁸

250 3851 379 3916 Addere
402 3852 476 3916 licet
499 3855 621 3918 anthol.
646 3855 713 3918 Pal.
738 3856 765 3917 V
790 3855 1008 3929 1003anth01.
1031 3854 1099 3918 Pal.
1122 3853 1178 3918 ΧΠ
1203 3853 1279 3930 117;
1303 3851 1421 3919 anthol.

250 3951 317 4015 Pal.
331 3952 387 4015 Xll
399 3954 477 4028 2153
501 3954 614 4017 Achill.
638 3955 709 4018 Tat.
724 3957 778 4032 15,
792 3957 819 4019 7.
861 3955 905 4019 Cf.
926 3954 1012 4029 Ott0,
1035 3956 1075 4018 de
1096 3953 1194 4019 fabul.
1207 3953 1303 4036 Prop.
1316 3954 1422 4037 led.

333 4052 391 4116 Vix
423 4073 505 4134 opus
537 4057 584 4117 est
615 4054 654 4117 de
685 4055 836 4118 iuvenum
867 4055 1127 4119 excusationibus
1157 4054 1301 4136 prolerre
1322 4055 1422 4137 plura,

250 4173 351 4235 quare
371 4153 467 4216 aliam
487 4154 529 4217 ad
548 4173 615 4217 rem
633 4174 691 4218 nos
710 4159 945 4218 convertamus.
986 4153 1067 4218 Cum
1089 4173 1181 4219 amor
1202 4157 1272 4221 tam
1286 4154 1425 4238 graviter
