2946 4734
631 309 756 398 -q5
800 372 840 380 -

150 508 469 587 illustrandum,
502 515 702 592 quantum
734 534 848 579 amor
877 518 915 579 et
944 515 1075 581 facies
1096 515 1321 583 muliebris

150 608 326 672 efficere
347 610 524 690 possint.
567 611 720 693 Inspicias
743 615 783 679 de
805 616 867 679 hac
886 635 936 679 re:

185 707 307 777 Propert.
328 709 351 760 ll
371 708 395 775 3,
404 708 439 761 34
447 726 505 777 sqq.

398 794 538 864 pulchrius
556 792 610 847 hac
628 792 728 861 fuerat,
748 793 838 856 Troia,
858 795 948 864 perire
965 795 1033 850 tibi:

344 879 412 936 olim
433 880 561 943 mirabar,
581 879 655 948 quod
673 879 747 933 tanti
766 879 802 934 ad
821 881 957 950 Pergama
974 882 1040 936 belli

398 966 524 1037 Europae
542 969 626 1034 atque
644 966 724 1020 Asiae
742 984 823 1021 causa
837 968 928 1037 puella
946 968 1013 1023 fuit:

345 1057 425 1117 dunc,
440 1051 514 1116 Pari,
533 1055 564 1106 tu
582 1051 690 1121 sapiens
710 1055 739 1107 et
757 1055 796 1117 tu,
816 1053 946 1119 Menelae,
966 1054 1052 1120 fuisti,

257 1202 261 1211 ⁸
395 1143 428 1194 tu
445 1139 511 1209 quia
528 1139 666 1208 poscebas,
684 1142 715 1193 tu
733 1139 799 1208 quia
817 1141 908 1195 lentus
926 1157 992 1196 eras.

319 1217 320 1220 '
343 1225 428 1295 digna
447 1225 494 1280 sed
513 1225 581 1279 haec
592 1225 682 1284 facies.
701 1243 751 1295 pro
765 1244 820 1294 qua
834 1228 876 1281 vel
890 1227 979 1282 obiret
988 1227 1121 1292 Achillem

396 1313 439 1367 vel
457 1313 566 1367 Priamo
584 1312 650 1366 belli
668 1329 751 1366 causa
768 1312 911 1382 probanda
929 1313 990 1367 fuit.

148 1399 243 1479 Prop.
266 1400 292 1462 ll
313 1401 342 1475 6,
365 1401 402 1462 15
416 1420 464 1482 sq.
488 1399 580 1463 Ovid.
598 1420 699 1463 amor.
720 1400 733 1463 Ι
757 1401 804 1475 10,
825 1401 838 1462 l
857 1421 926 1483 sqq.
950 1420 1050 1465 amor.
1073 1401 1099 1464 ll
1123 1401 1169 1476 la,
1193 1403 1229 1466 17
1246 1423 1316 1486 sqq.

149 1499 271 1562 heroid.
293 1499 358 1562 Vlll
380 1500 420 1563 00
437 1519 507 1582 sqq.
541 1503 601 1563 art.
624 1500 664 1563 ΠΙ
681 1501 740 1563 ,⁶253
754 1520 823 1581 sqq.
856 1501 1019 1581 antholog.
1043 1500 1097 1563 lat.
1120 1502 1190 1578 897,
1211 1503 1250 1567 73
1269 1525 1316 1587 sq.

149 1599 254 1676 Quam
274 1599 415 1663 fabulam
434 1600 498 1663 iam
513 1605 588 1662 ante
604 1599 839 1663 Alexandrinos
853 1600 992 1662 comicos
1004 1599 1184 1663 Atticorum
1204 1607 1317 1683 poetas

150 1700 194 1761 ita
218 1700 249 1762 in
273 1699 464 1763 amatoriam
480 1702 607 1780 partem
630 1699 804 1779 deflexisse,
825 1702 862 1762 ut
879 1699 1052 1762 formosam
1068 1699 1221 1764 feminam
1243 1703 1317 1766 helli

148 1800 279 1863 Troiani
301 1819 433 1863 causam
456 1799 553 1863 fuisse
575 1801 814 1876 contenderent,
837 1801 994 1881 probatur
1012 1800 1208 1882 Antiphanis
1229 1802 1315 1884 frag-

148 1903 259 1963 mento
281 1898 331 1974 48,
352 1897 389 1961 K.
412 1899 443 1961 ΙΙ
464 1918 496 1979 p.
520 1899 559 1961 30

378 1989 392 2046 ὅ
410 1995 465 2067 μὲν
482 1995 631 2054 Μενελέως
649 1990 796 2066 ἐπολέμησ’
814 1995 862 2065 ἔτη
881 1995 947 2047 δέκα
1108 2069 1110 2072 ¹

380 2088 437 2140 τοῖς
460 2083 547 2154 Τρωσὶ
563 2077 609 2134 διὰ
630 2088 750 2150 γυναῖκα
771 2076 820 2151 τὴν
839 2078 910 2146 ὄψιν
929 2079 1023 2151 καλήν.

234 2168 296 2232 Sed
318 2170 552 2250 praetermissis
573 2170 715 2233 minutiis
736 2169 778 2232 ad
791 2169 940 2250 graviora
956 2188 1174 2251 properemus.
1217 2166 1315 2229 Prae-

148 2268 240 2348 cipue
273 2268 368 2349 igitur
401 2269 432 2331 in
464 2269 569 2331 Plauti
598 2272 630 2332 et
652 2268 792 2332 Terentii
824 2268 939 2332 fabulis
972 2288 1067 2332 vera
1097 2271 1135 2331 et
1167 2267 1315 2330 nativa

149 2367 430 2447 pulchritudo
453 2367 669 2446 laudatur,
691 2387 775 2449 quae
797 2369 892 2432 nullis
914 2368 1111 2432 ornamentis
1133 2367 1245 2431 adiuta
1265 2365 1314 2429 vel

148 2468 288 2548 expolita
318 2487 376 2549 per
405 2468 587 2533 naturalem
617 2470 820 2550 splendorem
850 2468 994 2532 delectet.
1045 2467 1175 2532 Puellae
1204 2469 1314 2529 autem

147 2568 374 2645 admonentur,
398 2587 439 2630 ne
462 2568 596 2631 turmam
619 2588 710 2632 suam
734 2568 833 2631 nimio
853 2569 940 2632 cultu
966 2568 1113 2648 perdant.
1157 2566 1236 2644 Quis
1258 2569 1314 2640 est,

148 2667 229 2748 quin
250 2667 432 2730 meminerit
464 2667 590 2749 lepidae
619 2668 700 2731 illius
722 2687 837 2731 scenae
859 2668 891 2730 in
913 2668 1019 2731 Plauti
1042 2666 1234 2731 Mostellaria
1257 2666 1315 2729 ob·

148 2766 230 2840 viae,
249 2766 305 2829 uhi
320 2766 449 2848 Scapha
463 2766 689 2831 Philematium
709 2770 800 2831 ornet
816 2770 856 2843 et,
879 2766 1042 2848 quomodo
1064 2767 1166 2830 forma
1180 2764 1314 2828 colenda

147 2866 205 2941 sit,
248 2865 405 2930 edoceat?
458 2866 639 2930 Audiamus
679 2885 755 2948 ergo
794 2866 929 2929 callidae
956 2866 1090 2957 ancillae
1122 2868 1313 2946 praecepta:
1395 2963 1397 2965 Ι

182 2963 298 3016 Mostell.
314 2964 418 3032 2891q.

294 3049 410 3119 pulchra
428 3047 525 3101 mulier
542 3046 617 3101 nuda
635 3047 688 3101 erit
705 3065 788 3116 quam
805 3048 959 3116 purpurata
976 3045 1128 3115 pulchrior:

296 3152 360 3189 nam
380 3135 403 3187 si
422 3133 537 3204 pulchra
554 3137 603 3202 est,
622 3133 704 3186 nimia
722 3135 820 3186 ornata
837 3135 886 3186 est.

150 3222 231 3285 Ecce
254 3223 368 3286 eadem
392 3223 530 3286 suadent
547 3221 660 3302 puellis
678 3220 743 3283 suis
763 3220 949 3300 Propertius
967 3222 998 3283 et
1013 3217 1154 3295 Ovidius,
1178 3238 1315 3300 quorum

149 3322 249 3385 verba
271 3340 357 3385 nunc
375 3321 541 3403 respicias:

184 3429 263 3497 Prop.
283 3427 295 3479 l
314 3429 338 3495 2,
350 3428 366 3480 5
376 3445 434 3496 sqq.
1062 3462 1067 3471 .

295 3515 465 3581 naturaeque
485 3512 566 3566 decus
584 3513 704 3565 mercato
724 3508 835 3576 perdere
851 3508 926 3562 cultu
945 3508 1024 3577 (quid
1041 3507 1150 3575 iurati)

356 3608 420 3653 'nec
439 3598 527 3651 sinere
546 3595 712 3666 inpropriis
729 3594 853 3649 membra
871 3594 959 3648 nitere
977 3593 1076 3647 bonia‘?

296 3686 374 3741 crede
393 3685 473 3751 mihi,
491 3702 548 3738 non
566 3684 623 3737 ulla
640 3688 704 3740 tuae
722 3686 764 3736 est
782 3681 918 3736 medicina
935 3682 1052 3751 figurae:

371 3771 461 3825 nudus
478 3772 564 3824 Amor
582 3772 688 3826 lormae
705 3792 759 3829 non
777 3778 854 3829 amat
872 3775 1013 3829 artificem.

151 3857 203 3920 Ad
226 3878 323 3939 quem
340 3858 497 3939 Propertii
520 3859 626 3922 locum
647 3861 818 3925 nonnullos
840 3863 1045 3942 anthologiae
1068 3860 1186 3924 latinae
1208 3878 1318 3921 versus

152 3958 278 4039 aspergi
300 3977 394 4038 posse
416 3958 532 4021 iterum
555 3959 634 4022 mihi
657 3961 790 4025 comiter
811 3963 965 4027 indicavit
986 3962 1121 4025 Birtius:

186 4056 291 4110 anthol.
310 4056 359 4110 lat.
378 4055 437 4120 200,
448 4055 481 4110 35

296 4144 371 4196 totus
388 4144 430 4196 ost
447 4141 477 4194 in
496 4142 580 4196 armis
598 4142 678 4208 idem,
697 4143 808 4211 quando
826 4143 914 4197 nudus
932 4147 973 4197 eet
992 4143 1082 4205 Amor,
