2946 4734
702 283 743 348 51

148 458 235 525 nihil
269 459 350 526 mali
383 457 491 525 adhuc
544 446 694 524 secutum
739 460 794 523 cst
827 459 863 524 et
893 457 961 522 iam
994 456 1042 521 sic
1072 448 1296 543 perturbatur

151 564 318 632 Sostrata‘
354 565 396 631 cf.
432 563 545 646 3083,
583 563 691 630 441.2
730 583 890 647 ,magna
928 564 1155 646 οἰκονομίᾳ
1193 582 1297 627 senex

149 669 324 748 laudatur,
362 672 402 735 ut
431 667 656 756 postulationi
685 669 756 734 eius
798 667 916 733 statim
945 665 1037 732 adsit
1070 666 1175 748 fides‘,
1210 667 1295 731 Eun.

149 775 253 840 9712
277 775 459 857 ,formatur
483 777 594 840 status
618 773 741 839 mentis
764 771 970 859 trepidantis
995 770 1101 852 senis,
1132 774 1172 836 ut
1195 768 1296 858 appa-

149 882 237 962 reat,
261 902 361 967 quam
383 879 558 965 inopinato
582 879 670 944 malo
693 899 807 943 amens
830 876 907 943 fieri
928 877 1057 963 possit‘,
1081 877 1155 956 436,
1180 876 1295 957 505.1,

149 986 191 1052 of.
217 986 321 1052 etiam
343 985 416 1051 716.
426 986 457 1064 2,
475 985 547 1050 224.
559 985 589 1066 2,
606 984 710 1050 2361
737 987 990 1066 ,οἰκονομία,
1015 1006 1081 1070 qua
1105 982 1297 1049 ostenditur

148 1094 323 1158 amaturus
348 1089 514 1171 Chaerea,
546 1088 710 1176 siquidem
738 1088 824 1154 hanc
847 1087 1011 1155 Parmeno
1034 1090 1107 1177 ipse
1130 1091 1296 1170 miratur‘,

148 1197 224 1277 434,
247 1190 352 1263 4402
376 1195 439 1278 ,hio
461 1215 585 1281 magna
607 1197 834 1278 οἰκονομία
856 1198 936 1273 est,
960 1217 1041 1282 qua
1064 1195 1155 1262 Ter.
1179 1217 1297 1282 prae-

148 1305 294 1389 parat,
326 1299 603 1388 quemadmodum
634 1300 781 1384 iurgium
818 1299 910 1364 iuter
946 1299 1109 1365 Thaidem
1140 1299 1297 1366 militem-

149 1428 215 1492 que
238 1391 273 1472 et
297 1404 510 1472 Gnathonem
541 1427 601 1491 per
632 1405 715 1470 duas
739 1407 853 1491 partes
885 1408 1003 1491 serpat
1031 1404 1187 1486 fabulae‘,
1223 1404 1296 1484 501,

150 1510 215 1575 719
254 1510 316 1592 ,hic
353 1509 420 1575 iam
458 1513 780 1594 κμοοικονομία
819 1509 868 1576 ad
910 1511 1104 1576 futurum
1136 1508 1298 1575 exitum

149 1614 327 1682 fabulae
351 1618 418 1696 est,
442 1606 519 1681 nam
544 1614 622 1679 dum
645 1637 680 1680 se
703 1613 880 1680 ulciscitur
896 1612 1052 1698 Pythias,
1076 1614 1117 1679 fit
1139 1610 1297 1678 indicium

148 1720 241 1808 patri
266 1719 436 1786 Chaereae
460 1725 495 1786 et
519 1709 762 1786 confirmantur
778 1720 938 1807 nuptiae‘,
962 1719 1067 1784 4961
1094 1719 1182 1800 ,vide
1205 1722 1297 1802 κμοέ

150 1826 425 1908 παρασκευὴν
448 1823 586 1890 futurae
608 1824 680 1890 litis
696 1824 787 1889 inter
804 1823 966 1890 Thaidem
983 1827 1018 1890 et
1034 1823 1198 1906 militem‘,
1222 1823 1296 1905 620,

149 1930 259 1995 2312
283 1929 360 2011 ,iam
381 1931 671 2018 praeparatio
703 1933 757 1995 est
787 1928 829 1995 ad
861 1928 1088 1995 deducendum
1113 1928 1298 1995 Chaeream

150 2042 250 2122 quam
265 2035 450 2102 deformem
465 2035 683 2116 Eunuchum‘,
706 2034 767 2099 Ph.
781 2035 854 2100 304.
868 2035 888 2098 2
912 2033 975 2115 ,hic
987 2034 1056 2099 iam
1078 2038 1298 2120 praestru-

149 2141 256 2222 itur,
291 2157 392 2227 qnam
425 2140 526 2206 facile
555 2139 702 2223 triginta
725 2139 832 2204 minas
847 2137 1045 2224 perditurus
1062 2138 1109 2204 sit
1124 2134 1298 2225 Demipho,

150 2245 229 2311 dum
258 2245 352 2312 illam
384 2245 461 2311 vult
491 2244 691 2325 excludere‘,
724 2245 809 2309 Eun.
834 2244 907 2309 298.
919 2243 949 2325 2,
974 2243 1016 2308 cf.
1041 2243 1114 2308 374.
1127 2242 1157 2325 4,
1183 2245 1297 2326 3692,

151 2353 226 2416 624.
237 2342 267 2434 2,
291 2351 352 2416 Ph.
377 2351 481 2415 2382
505 2350 594 2433 ,vide
616 2349 997 2437 praeparationem
1021 2350 1161 2415 futurae
1185 2349 1298 2415 defen-

154 2457 277 2540 sionis;
302 2478 399 2544 quam
423 2456 490 2523 nisi
511 2454 574 2522 hoc
596 2456 693 2521 modo
717 2455 794 2520 Ter.
817 2453 1010 2536 intulisset,
1034 2454 1300 2521 incredibile

154 2561 386 2628 videretur
416 2563 527 2628 subito
566 2560 719 2627 sedatum
750 2565 882 2642 senem‘,
918 2561 1002 2625 Eun.
1028 2561 1105 2641 996,
1141 2560 1201 2626 Ph.
1225 2560 1299 2641 236,

156 2666 231 2748 253,
255 2667 380 2748 2621,
415 2665 480 2733 An.
511 2666 633 2747 9663,
668 2665 858 2732 Ph.153.3
895 2666 1128 2747 ,inducitur
1161 2688 1300 2731 rerum

154 2771 465 2838 imminentium
488 2771 810 2859 praestructio,
836 2771 870 2836 in
893 2794 960 2859 qna
983 2771 1153 2837 sitandan
1168 2771 1301 2838 locutor

153 2875 341 2958 Phaedria,
373 2880 413 2943 ut
441 2876 498 2963 qui
528 2867 687 2942 defensor
717 2875 854 2940 futurus
879 2875 942 2957 sit,
973 2874 1112 2941 timidus
1135 2875 1299 2962 Antipho,

154 2984 194 3048 ut
217 2982 275 3076 qui
298 2982 471 3070 fugiturus
495 2983 560 3048 sit‘.

242 3087 356 3174 Usque
386 3086 495 3172 igitur
537 3083 645 3152 adhuc
684 3086 767 3152 haec
803 3085 995 3152 didicimus:
1026 3087 1172 3173 primum
1200 3088 1301 3153 debet

155 3179 257 3278 poeta
281 3191 414 3277 singula
437 3186 587 3279 quaeque
609 3192 643 3256 iu
667 3191 784 3257 fabula
806 3192 899 3258 facta
922 3190 1015 3258 dicta
1037 3184 1177 3258 consilia
1193 3215 1210 3259 e
1226 3215 1301 3280 per-

156 3296 247 3364 sonis
271 3296 478 3363 constituere
501 3296 537 3361 id
552 3300 607 3362 est
622 3296 728 3363 cuivis
744 3296 837 3362 facto
854 3296 945 3362 dicto
963 3297 1101 3363 oonsilio
1126 3297 1227 3364 debet
1248 3291 1299 3363 re-

156 3399 324 3490 spondere
347 3405 443 3468 certa
465 3392 628 3488 quaedam
652 3401 792 3467 alicuius
808 3424 980 3489 personae
990 3425 1118 3468 morum
1142 3425 1220 3490 pars
1244 3403 1300 3469 vel

155 3506 341 3595 quamlibet
359 3506 527 3594 propositi
541 3510 676 3594 partem
699 3507 832 3593 assequi
855 3499 957 3573 debet
979 3511 1081 3593 poeta
1103 3503 1218 3594 aliqua
1240 3508 1301 3573 ali-

155 3613 249 3679 cuius
273 3628 439 3699 personae
457 3635 584 3677 morum
600 3616 700 3699 parte
716 3612 813 3699 quasi
827 3613 930 3678 nisus.
969 3613 1099 3678 Deinde
1116 3635 1133 3678 e
1149 3614 1300 3698 personis

156 3719 257 3784 debet
278 3721 382 3804 poeta
404 3739 610 3806 praeparare
633 3740 718 3804 quae
740 3717 859 3783 futura
883 3717 961 3797 siut,
985 3717 1020 3781 id
1044 3721 1097 3783 est
1119 3740 1227 3784 mores
1251 3702 1302 3784 ita

156 3821 358 3903 instituere,
392 3826 433 3888 ut
467 3820 564 3888 initio
599 3824 664 3887 iam
697 3823 851 3888 divinent
874 3826 1104 3909 spectatores,
1137 3813 1300 3908 quomodo

157 3920 383 4014 progressura
400 3927 445 3993 sit
463 3927 589 4001 fabula,
604 3951 677 3993 cum
688 3927 907 4015 perspiciant,
922 3927 1003 4014 quid
1020 3927 1129 3992 velint
1148 3927 1301 3993 nolintve

157 4027 321 4121 personae
344 4043 484 4118 agentes
513 4037 550 4099 et
571 4055 636 4119 quo
661 4032 757 4098 modo
781 4054 837 4098 eas
861 4032 963 4098 certis
980 4031 1177 4118 quibusdam
1201 4031 1301 4099 rebus

157 4139 317 4204 affectum
339 4138 384 4203 iri
408 4137 592 4204 verisimile
615 4138 670 4204 sit.
717 4139 783 4202 Ars
807 4138 916 4223 igitur
938 4141 1060 4224 poetae
1083 4141 1149 4216 est,
1173 4143 1301 4202 utnon

158 4243 279 4310 subitis
302 4243 404 4310 factis
435 4243 605 4330 opprimat
635 4246 860 4330 spectatores,
896 4242 985 4328 quod
1009 4241 1152 4328 stupidis
1187 4245 1222 4306 et
1253 4241 1302 4306 in·
1344 4238 1348 4245 ’

123 4438 126 4443 ¹
157 4347 246 4435 eptis
286 4351 327 4414 nt
362 4349 539 4414 obscurum
577 4348 713 4414 videtur
752 4369 925 4433 magnum,
962 4345 1020 4411 sed
1047 4345 1157 4412 omnia
1182 4347 1303 4433 aperte

1053 4473 1095 4526 4*
