2946 4734
680 237 897 299 -32—

141 466 145 477 .
204 408 341 494 destius,
368 412 424 496 qui
450 434 525 476 cum
551 435 586 475 se
610 413 674 496 lyr.
700 418 767 476 vat.
794 413 959 477 insertum
980 412 1023 476 iri
1039 417 1160 496 speret,
1184 406 1378 477 Maecenati

204 527 302 591 docto
331 535 505 612 poetarum
535 528 641 592 iudici
678 552 697 592 a
725 529 787 593 deo
816 528 952 614 probari
981 528 1084 613 cupit,
1120 536 1159 593 ut
1193 528 1234 593 ab
1271 551 1311 593 eo
1341 529 1377 594 in

203 643 355 707 ordinem
379 644 563 729 lyricorum
586 644 762 729 redigatur
786 645 936 709 decimus
961 652 995 708 et
1018 644 1109 708 idem
1130 666 1218 710 unus
1234 641 1374 709 Italus“

204 758 301 834 Quod
325 766 496 844 utcunque
520 766 581 841 est,
606 783 667 845 per
687 761 927 845 antiquitatem
951 760 1040 845 apud
1061 760 1224 846 plurimos
1241 750 1377 821 ἐννεάδα

201 875 343 959 lyricam
360 876 507 940 valuisse
524 877 611 940 serio
628 877 747 959 negari
760 899 828 941 non
846 882 969 963 potest,
994 876 1147 960 quamvis
1164 899 1183 940 a
1199 877 1377 942 nonnullis

202 992 394 1056 auctoribus
429 1014 498 1057 101
533 1014 666 1078 semper
701 1015 816 1057 omnes
840 1015 963 1057 novem
988 992 1047 1057 sed
1071 991 1138 1056 duo
1161 999 1296 1057 tantum
1319 993 1377 1059 vel

202 1113 271 1169 tres
296 1112 497 1191 quattuorve
523 1109 608 1172 artis
633 1108 759 1194 lyricae
777 1109 982 1193 exemplaria
998 1107 1237 1191 commendari,
1262 1116 1376 1174 tacere

202 1222 318 1286 nolim.
365 1224 414 1290 Ut
439 1224 671 1300 Quintilianus
696 1225 730 1304 (l.
754 1225 790 1305 l.)
815 1225 950 1289 eosdem
979 1230 1137 1309 quattuor
1165 1230 1267 1309 atque
1291 1224 1374 1289 Dio·

201 1340 320 1424 nysius
345 1340 421 1403 Hal.
458 1339 513 1418 (de
543 1341 628 1404 imit.
653 1343 729 1406 420.
747 1344 810 1406 421
836 1341 880 1419 R)
904 1341 1087 1426 praedicat,
1117 1341 1176 1425 qui
1200 1362 1281 1404 vero
1305 1340 1375 1405 alio

201 1456 274 1520 loco
290 1456 344 1532 (de
361 1478 468 1540 comp.
485 1457 576 1522 verb.
595 1481 621 1520 0.
642 1459 682 1522 19
704 1481 736 1543 p.
757 1460 816 1522 131
833 1456 876 1535 R)
894 1479 955 1542 pro
968 1455 1143 1522 Simonide
1156 1456 1376 1541 Sapphcnem

201 1571 363 1634 nominat.
399 1573 446 1635 Et
461 1573 520 1636 alii
536 1573 619 1637 alios
636 1572 794 1638 laudibus
811 1572 967 1638 efferunt.
999 1573 1076 1637 Etsi
1092 1571 1173 1636 dein
1188 1573 1374 1657 lyricorum

200 1694 376 1771 poetarum
413 1710 590 1752 numerum
628 1689 849 1753 novenarium
893 1689 935 1753 ad
976 1690 1148 1753 Musarum
1194 1709 1373 1752 numerum

201 1803 489 1867 accommodatum
519 1827 600 1888 esse,
631 1805 673 1869 ab
702 1805 859 1870 omnibus
889 1804 1029 1869 concedi
1053 1804 1220 1887 existimo,
1257 1810 1374 1868 tamen

200 1941 269 1982 uon
293 1927 362 1982 tam
386 1919 427 1982 ad
450 1921 748 2005 grammaticorum
772 1922 906 1986 illorum
922 1920 1232 1985 Alexandrinorum
1249 1940 1374 1984 munus

201 2056 301 2118 quam
340 2035 381 2099 ad
420 2035 626 2101 ludicrorum
667 2037 949 2123 epigrammatum
990 2037 1170 2123 scriptores
1216 2034 1373 2100 ordinem

200 2172 322 2214 novem
357 2158 532 2235 poetarum
561 2153 744 2237 lyricorum
773 2153 989 2217 referendum
1014 2174 1097 2235 esse,
1126 2151 1216 2237 quod
1240 2150 1373 2217 Steffen

200 2263 246 2350 (p.
264 2266 320 2348 38)
345 2289 511 2352 quemque
544 2269 689 2333 maxime
713 2277 909 2333 emunctum
933 2269 1045 2333 animo
1070 2267 1274 2353 aequissimo
1299 2290 1373 2332 0110

200 2404 434 2447 concessurum
459 2385 619 2468 speravit,
645 2384 800 2469 equidem
822 2407 890 2450 non
914 2407 975 2470 pro
1000 2394 1091 2449 certo
1115 2383 1232 2449 habeo.
1273 2383 1373 2462 Quod

200 2498 344 2583 denique
368 2500 411 2563 ad
427 2500 645 2585 lyricorum
663 2507 870 2586 poetarum
887 2501 1075 2565 decadem
1091 2506 1218 2566 certam
1235 2500 1371 2583 attinet,

199 2636 276 2697 non,
301 2623 340 2678 ut
364 2615 495 2679 Steffen
519 2616 563 2701 (p.
582 2618 637 2694 35)
662 2616 756 2700 dicit,
782 2640 801 2681 a
824 2617 995 2702 plerisque
1016 2638 1138 2681 novem
1155 2616 1224 2681 illis
1240 2615 1373 2681 decima

200 2731 349 2795 Corinna
365 2731 578 2814 adscribitur,
604 2732 674 2816 sed,
692 2733 781 2817 quod
797 2733 935 2797 maioris
952 2733 1115 2797 momenti
1132 2731 1217 2797 mihi
1234 2732 1373 2798 videtur

199 2869 281 2928 esse,
304 2847 403 2911 decas
420 2848 478 2911 illa
493 2848 593 2912 modo
611 2849 700 2934 apud
717 2871 925 2933 anonymum
940 2848 1110 2913 Boeclrhii
1127 2857 1161 2912 et
1171 2848 1373 2913 Diomedem

199 2985 257 3026 seu
266 2963 512 3047 Melampodem
526 2962 571 3044 (v.
585 2987 617 3048 p.
632 2967 676 3030 30
687 2964 764 3029 adn.
778 2961 813 3044 2)
826 2973 860 3027 et
872 2976 944 3028 tum
956 2965 996 3029 ab
1007 2965 1054 3029 Io.
1063 2959 1216 3044 Taetza¹)
1226 2984 1374 3029 comme·

198 3086 357 3142 moratur.
393 3079 602 3164 Appendicis
620 3081 693 3144 loco
707 3081 875 3162 adnotem,
894 3082 1010 3145 eorum
1022 3086 1208 3166 poetarum,
1228 3079 1287 3164 qui
1304 3080 1374 3145 sin·

198 3194 286 3276 gulis
299 3216 438 3279 poeseos
451 3195 577 3279 lyricae
589 3196 771 3279 generibus
781 3218 916 3281 operam
928 3196 1104 3278 dederunt,
1118 3195 1208 3280 apud
1218 3203 1373 3261 auctores

198 3310 355 3393 antiquos
380 3310 559 3393 dispersim
585 3313 754 3396 catalogos
779 3335 852 3376 0110
876 3312 1029 3376 traditos.
1077 3310 1238 3396 Exempli
1260 3311 1372 3396 gratia

198 3449 216 3488 e
252 3426 642 3510 dithyrambicorum
678 3436 887 3511 poetarum
923 3428 1023 3492 choro
1059 3426 1149 3512 apud
1184 3427 1372 3492 Diodorum

197 3543 297 3621 (XIV
321 3542 410 3625 equ)
439 3535 679 3627 irrrorpulraror
709 3544 917 3608 Philoxenus
944 3543 1136 3627 Cytherius,
1172 3542 1372 3608 Timotheus

196 3659 359 3742 MilesiuS,
385 3658 536 3723 Telestes
566 3660 788 3742 Selinuntius,
817 3660 981 3744 Polyidus
1007 3665 1257 3742 enumerantur,
1287 3680 1371 3744 quos

196 3774 340 3858 Polyido
358 3775 481 3838 omisso
499 3775 589 3860 apud
605 3776 810 3861 Dionysium
824 3776 901 3840 Hal.
919 3775 974 3857 (de
991 3797 1099 3861 comp.
1116 3773 1210 3840 verb.
1230 3797 1258 3840 c.
1279 3776 1320 3840 19
1337 3797 1369 3859 p.

305 4156 328 4222 1)
344 4154 443 4222 prolog.
463 4154 490 4205 iu
511 4162 581 4222 poot.
601 4155 618 4207 l.
638 4154 655 4206 l.
676 4173 701 4224 p.
721 4154 772 4205 252
793 4154 835 4206 M:
864 4158 968 4225 λυρικοὶ
990 4148 1141 4226 ὀνομαστοὶ
1163 4153 1232 4206 δέκα
1250 4156 1279 4206 et
1297 4160 1369 4223 στίχ.

195 4265 222 4295 τι.
244 4246 268 4295 d.
289 4264 316 4299 1,
339 4261 363 4312 p.
383 4246 443 4295 11311.
457 4245 560 4294 ’.Ἢ-’.Π
576 4244 632 4297 Cu:
653 4237 736 4301 δεκὰς
755 4238 850 4314 (101011
871 4236 1003 4310 παντελὴς
1021 4237 1197 4314 πληρεστάτη.
