2946 4734
781 223 801 285 6

202 407 349 472 Carolo
371 402 626 483 Schenklio¹)
656 404 717 466 hoc
743 403 911 484 epicedion
934 425 1000 468 una
1023 425 1094 469 cum
1120 408 1246 473 duabus
1268 410 1375 492 elegiis

202 509 243 571 de
263 506 353 569 obitu
379 504 572 568 Maecenatis
596 503 720 584 scriptis
750 503 783 566 in
814 504 923 585 aliqua
949 506 1060 569 schola
1086 508 1247 572 rhetorica
1274 511 1377 590 primo

200 610 273 688 post
293 605 366 668 Chr.
400 624 430 666 n.
448 604 576 668 saeculo
600 603 768 667 exercendi
790 624 888 667 causa
910 606 1123 686 compositum
1145 629 1212 672 esse
1236 610 1375 674 videtur.

202 707 342 771 Videatis
362 708 561 788 quantopere
582 703 665 766 inter
685 723 719 766 se
749 703 931 785 discrepent
955 704 1098 770 virorum
1121 708 1289 773 doctorum
1305 731 1378 774 sen-

203 808 333 872 tentiae.

284 922 421 1004 Propius
440 940 517 984 vero
539 921 731 984 accedamus
753 921 895 984 adrem.
933 921 980 984 Ac
1001 921 1140 1002 primum
1165 923 1296 1005 quidem
1315 928 1381 1007 epi·

206 1025 286 1088 cedii
308 1023 494 1103 scriptorem
516 1020 755 1101 diligentissime
777 1023 923 1083 secutum
945 1041 1013 1084 esse
1029 1019 1180 1086 Ovidium
1204 1044 1270 1088 non
1288 1024 1380 1090 intel-

203 1127 310 1206 legere
331 1121 444 1204 nequit
463 1121 518 1203 qui
540 1120 696 1184 memoria
717 1122 827 1183 teneat
848 1117 953 1183 Ovidii
975 1121 1129 1186 carmina.
1161 1123 1314 1188 Praetera
1338 1127 1380 1189 ad

203 1224 415 1306 Propertium,
439 1220 621 1302 Vergilium,
643 1218 814 1299 Catullum,
837 1219 1001 1283 Tibullum
1022 1241 1056 1285 se
1069 1222 1248 1303 applicasse
1265 1245 1380 1289 conso-

205 1323 331 1388 lationis
354 1322 396 1385 ad
418 1321 542 1384 Liviam
565 1324 730 1384 auctorem
759 1319 962 1400 cognoscitur
991 1341 1008 1384 e
1031 1323 1197 1402 permultis
1219 1325 1313 1388 huius
1334 1320 1380 1389 rei

206 1424 365 1505 exemplis,
388 1442 471 1504 quae
491 1422 648 1502 praebent
664 1419 797 1500 Hauptii
820 1423 852 1484 et
866 1418 1030 1484 Huebneri
1049 1422 1089 1486 de
1106 1423 1249 1504 epicedio
1268 1425 1381 1490 disser-

208 1542 355 1605 tationes.

286 1659 331 1722 Ea
355 1661 462 1721 autem
494 1676 578 1737 quae
601 1657 709 1719 adhuc
730 1653 821 1718 attuli
844 1654 954 1718 omnia
975 1659 1122 1736 spectant
1143 1657 1186 1720 ad
1209 1657 1380 1723 dictionem

205 1779 310 1840 neque
336 1759 377 1821 ad
401 1777 452 1820 res
474 1755 508 1819 in
530 1755 673 1819 carmine
692 1756 844 1836 prolatas.
882 1754 975 1841 'Quas
1000 1776 1086 1820 nunc
1116 1758 1297 1822 accuratius
1324 1779 1384 1823 nos

206 1856 416 1938 contemplari
437 1855 543 1919 velim.
585 1853 747 1935 Hauptius
768 1874 895 1918 sinnma
913 1855 1061 1919 doctrina
1082 1861 1114 1921 et
1134 1857 1310 1921 subtilitate
1329 1878 1382 1922 ex·

206 1958 355 2040 planavit
383 1955 501 2027 omnia,
530 1975 614 2036 quae
645 1955 678 2018 in
707 1955 925 2018 consolatione
942 1956 984 2019 ad
1005 1954 1130 2019 Liviam
1150 1961 1335 2034 narrantur,
1366 1979 1383 2022 e

207 2059 355 2130 Senecae,
380 2055 532 2129 Suetonii,
557 2053 656 2119 Cassii
671 2054 788 2134 Dionis,
807 2054 908 2118 Servii
923 2055 1011 2119 libris
1027 2055 1185 2120 incertum
1200 2058 1290 2121 illum
1305 2079 1382 2139 poc-

206 2162 276 2221 tam
302 2175 429 2220 sumere
458 2154 599 2236 potuisse
626 2174 730 2236 neque
757 2154 932 2236 quicquam
959 2155 992 2218 in
1019 2156 1072 2219 illo
1101 2158 1243 2221 carmine
1272 2159 1381 2223 referri

207 2258 294 2340 quod
322 2276 381 2320 nos
412 2258 548 2336 cogeret,
585 2257 622 2318 ut
645 2254 779 2317 Neronis
807 2255 902 2318 morti
933 2256 1184 2320 consolationem
1211 2258 1378 2338 aequalem

204 2379 271 2422 esse
292 2360 485 2438 putaremus.
527 2353 604 2416 Mihi
635 2373 762 2435 quoque
787 2355 868 2418 haec
895 2375 946 2418 res
966 2354 1012 2418 ita
1032 2375 1066 2418 se
1087 2357 1174 2420 habe
1189 2377 1224 2421 re
1245 2357 1381 2432 videtur,

206 2458 263 2521 sed
287 2477 350 2520 non
370 2456 403 2518 in
425 2453 482 2518 XV
495 2453 660 2518 saeculum
681 2473 812 2517 carmen
832 2455 894 2517 hac
910 2454 950 2518 de
965 2474 1063 2518 causa
1079 2453 1292 2520 differendum
1314 2479 1382 2522 esse

206 2557 371 2622 existumo.
402 2555 595 2636 Priusquam
617 2557 724 2617 autem
741 2553 858 2617 certius
879 2553 1031 2618 iudicium
1047 2554 1212 2629 iaciemus,
1235 2558 1402 2637 paullum.

205 2675 366 2720 moremur
394 2654 428 2717 in
462 2652 724 2733 contemplando,
757 2657 955 2734 quantopere
983 2655 1218 2720 consolationis
1246 2658 1382 2738 scriptor

207 2754 427 2836 compilaverit
441 2753 582 2818 Senecae
600 2752 841 2829 consolationes,
861 2753 1018 2834 imprimis
1034 2774 1098 2833 eas,
1119 2774 1200 2836 quas
1217 2753 1269 2818 ille
1282 2755 1382 2836 scrip-

205 2855 245 2919 sit
266 2854 309 2917 ad
330 2853 482 2917 Marciam
511 2856 543 2916 et
571 2853 614 2916 ad
636 2852 814 2933 Polybium.
858 2853 941 2916 Nam
965 2853 1040 2917 inde
1068 2854 1209 2919 definitio
1230 2855 1383 2936 temporis

208 2954 383 3019 certissima
405 2954 509 3017 datur.

288 3071 332 3134 Ac
354 3070 494 3150 primum
517 3068 647 3151 quidem
669 3067 845 3144 videamus,
873 3068 991 3149 quibus
1014 3069 1111 3132 rebus
1140 3069 1305 3150 epicedion
1328 3090 1385 3135 no-

206 3174 307 3234 strum
329 3173 487 3250 congruat
508 3188 582 3232 cnm
605 3166 822 3231 consolatione
844 3167 894 3230 ad
915 3166 1113 3231 Marciam
1141 3169 1267 3250 scripta.
1312 3171 1384 3234 Sta·

206 3271 263 3333 tim
286 3270 319 3332 in
340 3268 470 3332 exordio
502 3265 581 3349 (cxl)
604 3267 728 3331 Seneca
756 3266 915 3341 describit,
948 3270 1150 3348 quantopere
1171 3267 1306 3332 Octavia
1328 3272 1385 3335 do-

207 3369 300 3434 luerit
319 3368 515 3443 Marcellum‚
539 3368 626 3449 quod
648 3366 745 3430 etiam
767 3366 800 3429 in
822 3365 965 3446 epicedio
987 3373 1261 3433 commemoratur
1281 3390 1311 3432 v.
1333 3371 1383 3435 ll.

207 3470 290 3533 Tum
313 3467 417 3548 capite
439 3467 480 3530 lll
503 3467 625 3531 Seneca
645 3469 759 3529 narrat
780 3465 903 3529 Liviam
932 3465 1045 3530 amisis
1053 3486 1087 3530 se
1105 3466 1245 3531 Drusum
1273 3469 1385 3560 filium,

208 3568 297 3633 cuius
327 3567 439 3648 capitis
466 3567 627 3648 permulta
654 3566 788 3647 vestigia
817 3566 1025 3630 inveniuntur
1053 3566 1086 3630 in
1109 3566 1260 3648 epicedio.
1302 3571 1384 3636 Nam

208 3668 349 3733 Senecae
365 3666 443 3729 illud
461 3686 626 3749 »nzopnum
640 3665 789 3747 futurum
798 3666 986 3750 principem,
1002 3667 1068 3729 iam
1081 3687 1229 3750 magnum
1246 3668 1385 3741 ducem«,

210 3767 358 3849 congruit
388 3786 462 3831 cum
495 3765 629 3848 epicedii
649 3785 744 3830 versu
769 3765 843 3829 141:
875 3766 1052 3829 >mocimus
1073 3768 1127 3831 ille
1155 3767 1264 3844 armis,
1285 3771 1389 3832 maxi·

212 3889 282 3932 mus
304 3868 357 3931 illc
379 3875 480 3950 toga«.
523 3867 559 3929 ld
580 3884 710 3948 quoque
732 3866 819 3947 quod
840 3864 984 3946 sequitur
1012 3866 1100 3947 apud
1117 3864 1287 3932 Senecam:
1322 3870 1389 3932 »in-

277 4055 321 4121 11)
341 4052 454 4108 Wiener
469 4050 585 4107 Studien
604 4050 640 4107 Il.
661 4050 733 4106 1880,
755 4069 782 4120 p.
803 4049 837 4105 56
854 4066 914 4118 sqq.
