2946 4734
572 360 778 423 -17-

92 520 282 603 πετόμενος.
306 527 361 590 δισὶ
389 533 485 594 τοῦτο
507 536 561 597 καὶ
584 534 711 621 νεότητι
727 545 832 622 χαίρει
853 543 909 606 καὶ
937 544 1053 620 κᾶλλος
1075 546 1183 615 διώκει
1203 552 1258 615 καὶ

90 623 149 696 τοὶς
171 625 282 712 ψυχας
303 627 496 711 ἀναπτεροῖ.

175 731 238 794 Sed
255 752 386 812 pergam
404 736 489 802 locos
505 742 628 818 afferre,
650 745 767 826 quihus
781 747 934 812 Amorem
952 749 984 813 in
1007 753 1103 817 corde
1120 757 1261 821 amantis
1311 830 1313 835 ,

90 831 212 894 versari
233 851 339 913 neque
360 831 516 903 removeri
539 861 633 923 posse
656 845 809 925 legimus:

125 929 215 983 Plaut.
231 931 342 984 Poenul.
361 938 410 987 196

124 1075 126 1079 .
276 1043 444 1095 quamquam
464 1029 568 1099 Cupido
587 1031 616 1084 in
636 1032 715 1087 eorde
735 1037 857 1089 versatur
875 1053 929 1106 eqs.

126 1115 204 1170 Ovid.
223 1135 307 1172 amor.
328 1120 340 1172 Ι
360 1122 382 1182 l,
398 1122 431 1175 26

275 1229 340 1266 uror
352 1201 386 1268 ¹et
403 1214 433 1268 in
452 1234 536 1272 vaeuo
554 1223 665 1288 pectore
684 1224 784 1291 regnat
802 1223 896 1278 Amor.

129 1302 207 1359 Ovid.
230 1323 315 1361 amor.
335 1307 362 1360 II
381 1310 405 1372 9,
416 1310 450 1362 53

59 1430 61 1434 v
278 1393 403 1464 (Cupido)
423 1395 560 1452 indeserta
578 1417 638 1454 meo
656 1405 768 1471 pectore
786 1420 871 1473 regna
889 1366 961 1472 gere.

128 1479 205 1534 Ovid.
225 1496 311 1535 amor.
330 1481 357 1533 II
376 1483 424 1548 9,2

279 1568 301 1623 Ο
319 1568 350 1623 in
368 1571 447 1626 eorde
464 1588 526 1626 meo
544 1570 675 1626 desidiose
693 1589 769 1641 puer.

126 1664 204 1717 Ovid.
223 1682 307 1743 arnor.
328 1664 340 1716 l
359 1665 383 1726 6,
395 1667 429 1719 34
441 1684 481 1734 sq.
666 1733 671 1743 Ι

298 1754 370 1807 solus
389 1770 471 1817 eram,
490 1752 586 1808 sinon
605 1770 700 1808 saevus
719 1753 823 1807 adesset
841 1754 934 1822 Amor,

244 1839 318 1895 hunc
338 1858 398 1910 ego,
418 1841 441 1894 si
461 1840 578 1910 cupiam,
598 1857 735 1908 nusquam
753 1840 893 1896 dimittere
911 1859 1028 1911 possum.

126 1934 206 2002 Prop.
226 1933 266 1986 ΙΙΙ
285 1935 401 2002 21‚5sq.

253 2021 345 2075 omniu
362 2024 427 2075 sunt
445 2023 556 2075 tentata
574 2020 651 2083 mihi,
671 2038 833 2089 quacunque
851 2020 943 2090 fugari

287 2109 379 2178 possit,
399 2112 429 2162 at
448 2126 481 2162 ex
499 2107 574 2161 omni
593 2125 636 2162 me
654 2108 756 2177 premit
773 2108 821 2162 ille
839 2109 912 2163 deus.

125 2195 164 2246 ef.
184 2195 262 2249 ovid.
282 2197 381 2251 remed.
403 2198 451 2249 lll'l
464 2215 502 2264 sq.
522 2199 550 2250 et
568 2197 618 2249 267
632 2214 671 2264 sq.

171 2291 300 2355 Graecis
330 2297 437 2354 autem
461 2292 602 2354 lontibus
632 2311 706 2354 usos
735 2311 802 2354 esse
824 2290 975 2354 Ovidium
998 2294 1030 2354 et
1052 2289 1256 2371 Propertium

88 2393 228 2455 conicias
250 2411 289 2454 ex
310 2391 459 2472 Meleagri
482 2391 715 2472 epigrammate
737 2391 858 2454 anthol.
881 2390 948 2454 Pal.
973 2391 1000 2452 V
1022 2391 1185 2472 2125sq.

243 2476 264 2540 ui
282 2491 390 2554 πτανοί,
408 2485 447 2560 μὴ
467 2492 514 2541 καί
531 2485 594 2541 ποτ’
613 2487 785 2555 ἐφίπτασθαι
803 2487 867 2561 μέν,
882 2487 1008 2560 Ἔρωτες,

275 2576 368 2640 οἴδατ’,
389 2572 549 2642 α’ποτιτῆναι
569 2572 598 2627 δ’
617 2572 682 2628 οὔδ’
701 2571 765 2628 ὅσον
785 2575 910 2648 inliso&

86 2669 117 2728 et
139 2685 178 2728 ex
199 2663 291 2727 Pauli
311 2663 515 2743 Silentiarii¹)
539 2664 771 2744 epigrammate
795 2664 917 2727 anthol.
940 2663 1008 2728 Pal.
1031 2663 1134 2739 268‚5
1154 2680 1224 2742 sqq.

246 2759 396 2833 ἀστεμφής,
416 2757 551 2831 α’δόνητος
563 2759 700 2830 ,ε’νέζεται,
721 2759 784 2815 ου’δὲ
802 2763 920 2834 μετέστη

220 2871 222 2874 ’
277 2847 314 2907 εἰς
337 2846 387 2918 ἐμὲ
405 2851 535 2918 συζυγίαν
554 2847 723 2920 κειράμενος
742 2848 897 2921 πτερύγων.

84 2944 179 3006 Adde
201 2944 339 3025 denique
360 2942 491 3006 Nicetae
512 2944 689 3024 Eugeniani
709 2945 735 3007 ll
759 2946 818 3009 129
829 2965 899 3027 sqq.

241 3037 280 3113 μὴ
301 3040 430 3094 δειλιάτω
449 3041 502 3094 τῶν
521 3041 669 3114 πτερύγων
688 3038 736 3096 τὸν
755 3041 870 3115 κρότον·

237 3126 330 3200 Ἔρως
348 3131 401 3200 γάρ
427 3124 517 3201 ὥσπερ
538 3126 665 3201 ἐμπεσὼν
685 3128 715 3184 ἐν
734 3129 792 3202 ἰξίῳ

242 3215 275 3290 τῇ
294 3216 392 3287 καρδίᾳ
411 3237 466 3287 μου
485 3224 682 3288 συγκρατεῖται
701 3219 748 3270 καὶ
765 3218 856 3289 μένει.

168 3310 257 3373 Haeo
298 3311 362 3373 lere
407 3312 447 3374 de
478 3313 607 3375 Amoris
638 3313 905 3393 descriptionibus
943 3310 1135 3393 proferenda
1168 3312 1252 3371 sunt.

84 3408 178 3485 Quod
201 3409 243 3471 ad
267 3410 481 3486 Venerem,
505 3411 639 3474 alterum
657 3412 789 3474 amandi
810 3431 941 3488 numen,
964 3411 1089 3486 attinet,
1111 3409 1252 3491 plerum-

83 3525 147 3587 que
168 3507 276 3570 mitior
297 3528 335 3572 ae
358 3510 514 3589 propitior
529 3510 589 3573 dea
611 3530 709 3590 quam
725 3513 827 3573 Amor
845 3510 981 3589 exsistit3
1004 3529 1068 3590 qua
1092 3509 1132 3571 de
1154 3527 1252 3571 causa

83 3610 231 3669 amantes
253 3606 280 3669 ei
301 3608 493 3688 supplicant,
516 3614 591 3671 vota
614 3614 644 3671 et
666 3610 822 3672 sacrificia
844 3611 974 3675 faciunt.
998 3610 1117 3687 gratias
1141 3612 1250 3686 agunt.

83 3706 175 3782 Quae
198 3725 270 3768 cum
296 3707 407 3769 conrioi
432 3713 462 3771 et
484 3709 612 3787 elegiaci
638 3715 752 3789 poetae
775 3711 862 3773 hand
882 3710 974 3772 aliter
997 3711 1096 3789 quam
1113 3707 1250 3769 cuiusvis

83 3806 155 3869 aevi
179 3809 294 3887 poetae
318 3807 501 3870 describant
525 3828 629 3890 neque
660 3811 838 3890 quidquam
868 3809 1031 3890 proprium
1063 3805 1249 3886 praebeant,

81 3905 230 3969 omittere
253 3926 431 3986 possumus,
454 3927 530 3970 nam
554 3908 632 3971 nihil
655 3911 762 3973 valent
784 3911 826 3973 ad
849 3907 1144 3980 demonstrandum,
1168 3924 1247 3983 quo—

156 4067 181 4135 l)
201 4068 280 4123 Hune
299 4069 371 4122 enim
394 4071 529 4140 Propertii
547 4073 670 4126 carmina
688 4091 743 4126 non
762 4074 875 4142 novisse,
894 4073 939 4126 sed
959 4077 1105 4136 utrumque
1124 4085 1157 4120 ex
1175 4083 1247 4137 rom-

81 4155 160 4208 muni
183 4156 259 4209 fonte
277 4156 397 4211 hausisse
417 4158 483 4210 satis
501 4158 630 4227 probavit
648 4160 785 4213 Malletius
805 4161 821 4212 l.
842 4162 856 4212 l.
899 4196 901 4199 -
