2946 4734
624 386 831 449 „pp-

230 565 293 629 Sed
318 564 427 629 taedet
449 565 501 629 hic
528 585 640 629 omnes
671 565 853 629 adscribere
875 567 962 631 locos
984 569 1181 631 comicorum
1204 569 1237 630 et
1259 565 1317 628 ele·

150 666 317 746 giacorum
339 668 527 746 poetarum,
550 665 668 746 quibus
689 664 814 744 puellae
836 684 909 728 cum
932 652 1056 730 Venere
1078 668 1318 748 comparantur,

149 784 212 843 eos,
231 784 312 845 quos
328 763 523 841 enumeravi,
547 763 635 826 hisce
654 764 764 844 augeri
780 769 928 844 possunt:
951 765 1055 829 Plaut.
1070 765 1187 830 Cistell.
1202 766 1263 829 313
1273 785 1317 846 sq.

149 864 276 930 Curcul.
302 861 376 938 19&
407 862 557 925 Bacchid.
581 863 659 938 alm
684 863 783 926 Stich.
808 864 885 940 7483
906 865 1002 947 Prop.
1020 865 1047 928 ll
1066 866 1116 942 28,
1135 866 1173 941 93
1195 864 1318 928 Lucret.

149 964 191 1028 IV
216 963 312 1039 1185,
346 961 438 1025 Ovid.
466 964 526 1025 art.
558 961 583 1025 ll
615 962 694 1041 6593
725 962 845 1044 Lydiae
868 965 925 1037 68;
959 965 1080 1028 anthol.
1111 964 1179 1028 Pal.
1207 966 1236 1029 V
1265 966 1318 1045 703

151 1063 176 1126 V
199 1064 256 1142 733
277 1061 470 1125 Aristaenet.
489 1061 579 1142 epist.
600 1061 613 1124 Ι
631 1062 720 1138 7,19.
766 1065 834 1126 lam
858 1084 917 1145 pro
939 1084 1090 1128 concesso
1112 1065 1222 1130 babeo
1243 1067 1320 1130 tales

149 1162 324 1228 sententias
345 1181 384 1224 ex
403 1161 576 1225 comoediis
584 1162 762 1225 Atticorum
777 1163 817 1227 ad
831 1165 936 1245 elegos
945 1161 1180 1230 Alexandrinos
1188 1167 1318 1231 venisse.

231 1260 532 1342 Porropuellam
548 1261 713 1342 dignam
731 1283 837 1343 esse,
857 1285 961 1346 quae
978 1266 1043 1329 vel
1058 1266 1319 1331 lovisamore

148 1364 333 1440 fruatur,
362 1361 451 1424 haud
473 1361 571 1424 semel
593 1361 625 1424 in
647 1363 806 1443 Propertii
835 1369 866 1427 et
888 1364 994 1429 Ovidii
1017 1366 1217 1433 carminibus
1239 1366 1319 1431 affir-

149 1466 259 1526 matur
277 1483 285 1524 ε

185 1561 267 1630 Prop.
288 1558 313 1612 II
333 1558 357 1622 3,
373 1558 455 1627 30sq.

443 1646 571 1700 Romana
588 1648 730 1703 accumbes
748 1649 838 1719 prima
856 1651 950 1719 puella
968 1651 1034 1717 lovi,

344 1748 395 1785 neo
412 1749 518 1802 semper
539 1733 681 1788 nobiscum
699 1735 822 1791 humana
840 1737 941 1792 cubilia
959 1738 1035 1794 vises.

184 1819 266 1888 Prop.
286 1817 299 1870 Ι
319 1818 360 1880 13,
370 1817 404 1871 32
495 1888 497 1892 5

345 1904 394 1958 illa
412 1903 468 1958 suis
486 1904 575 1960 verbis
595 1908 679 1973 cogat
698 1923 790 1961 amare
809 1907 914 1962 Iovem.-

186 1992 264 2059 Prop.
284 1990 310 2043 ll
329 1989 380 2059 2,3
394 2008 433 2059 eq.
874 1985 876 1989 ’

349 2094 396 2130 cur
414 2077 482 2131 haec
499 2075 528 2128 in
548 2074 629 2130 terris
643 2076 725 2130 facies
744 2077 866 2131 humana
884 2078 1028 2132 moratur?

454 2162 579 2232 luppiter
596 2162 693 2233 ignoro
711 2163 830 2233 pristina
847 2164 923 2219 furta
940 2167 998 2218 tua.

188 2248 265 2303 Ovid.
286 2266 371 2304 amor.
390 2249 403 2302 I
425 2250 490 2319 10,7
500 2267 538 2318 sq.

452 2335 627 2405 aquilamque
645 2334 674 2386 in
692 2336 721 2387 te
738 2336 904 2402 taurumque
920 2332 1062 2397 timebam,

349 2423 377 2475 et
393 2421 527 2490 quidquid
545 2437 647 2490 magno
666 2420 700 2474 de
718 2420 782 2474 love
800 2419 866 2474 fecit
884 2436 968 2474 amor.

189 2504 268 2558 Ovid.
287 2507 390 2562 heroid.
409 2508 463 2563 XV
483 2508 570 2576 (XVI)
590 2508 640 2561 272

454 2612 469 2649 o
488 2595 552 2648 love
571 2593 658 2662 digna
683 2592 756 2655 viro,
782 2590 812 2644 ni
830 2592 893 2644 love
911 2591 979 2643 nata
996 2587 1074 2642 fores.

242 2678 312 2742 Hac
336 2699 466 2762 quoque
487 2683 520 2745 in
542 2701 576 2745 re
596 2680 763 2760 Propertio
786 2682 817 2742 et
833 2677 948 2741 Ovidio
963 2674 1201 2741 Alexandrinos
1223 2675 1320 2740 facem

157 2779 346 2857 praetulisse
372 2780 548 2845 admodum
579 2780 729 2844 credibile
751 2782 814 2855 est,
849 2797 922 2840 cum
944 2776 1036 2841 uobis
1064 2775 1097 2840 in
1119 2774 1321 2856 anthologiae

156 2876 325 2942 Palatinae
355 2880 476 2944 lusibus
505 2881 586 2944 haec
616 2884 800 2943 amatorum
822 2879 921 2941 verba
950 2880 1139 2941 occurrant:

190 2975 321 3032 Palladae
339 2977 424 3048 epigr.
443 2978 550 3033 anthol.
570 2979 619 3032 Pal
640 2977 661 3028 V
680 2977 730 3031 257

352 3063 404 3117 νῦν
423 3063 642 3134 καταγιγνώσκω
662 3064 709 3116 καὶ
728 3061 777 3115 τοῦ
795 3057 862 3120 Διὸς
880 3054 916 3119 ὦς
936 3054 1099 3130 ἀνεράστου,

459 3148 498 3223 μὴ
518 3149 762 3224 μεταβαλλομένου
781 3149 828 3218 τῆς
846 3145 964 3220 σοβαροῖς
982 3143 1080 3199 ἕνεκα·

353 3231 492 3309 οὔτεγὰρ
511 3232 656 3309 Εὖρώαης,
677 3233 707 3289 οὗ
728 3235 776 3306 τῆς
794 3232 907 3304 Δανάης
924 3233 989 3306 περὶ
1008 3229 1107 3290 κάλλος

462 3318 526 3375 οὗθ’
545 3316 652 3392 ἁπαλῆς
669 3321 762 3393 Λήδης
781 3316 835 3374 ἐστ’
855 3317 1070 3390 ἄπολειπομένη.

195 3404 329 3460 Leonidae
348 3406 434 3476 epigr.
455 3408 559 3463 anthol.
578 3410 634 3463 Pal.
655 3409 705 3462 Xll
725 3409 842 3476 20,3sq.

359 3491 460 3565 θαῦμα
482 3489 547 3567 γὰρ,
570 3494 595 3547 ei
614 3496 791 3568 Περίανδρον
810 3490 874 3547 ἰδὼν
894 3489 942 3564 οὔχ
961 3485 1067 3564 ἥρπασε
1084 3492 1169 3561 γαίης

461 3576 510 3634 τὸν
526 3580 623 3634 καλόν·
645 3578 661 3651 ἢ
680 3579 815 3650 φιλόπαις
834 3576 929 3633 οὐκέτι
949 3577 1000 3631 νῦν
1017 3571 1032 3630 ὅ
1051 3577 1126 3637 θεός.
1137 3577 1158 3642 ¹)

163 3661 390 3730 Alexandrinis
419 3672 529 3732 autem
560 3689 670 3733 rursus
698 3670 811 3734 comici
851 3671 966 3749 poetae
992 3665 1217 3748 praeiverunt,
1251 3678 1323 3727 nam

161 3762 248 3843 apud
270 3763 423 3830 Plautum
445 3768 580 3850 legimus

199 3861 311 3917 Poenul.
332 3865 398 3920 1219
412 3884 451 3934 sq.

578 3950 620 4004 ita
638 3966 683 4003 me
699 3949 728 4002 di
747 3949 888 4013 amabunt,
907 3950 939 4001 ut
957 3962 1017 4016 ego,
1036 3945 1059 3999 ei
1076 3943 1129 3999 eim
1146 3943 1279 4016 Iuppiter,

230 4039 287 4092 iam
306 4037 397 4091 hercle
414 4054 465 4105 ego
484 4037 560 4090 illam
579 4052 691 4091 uxorem
711 4036 807 4090 ducam
827 4038 855 4090 et
876 4036 1005 4089 lunonem
1025 4030 1170 4086 extrudam
1187 4031 1269 4085 forae.

235 4207 259 4274 1)
280 4205 318 4259 of.
340 4205 414 4269 ouo,
434 4205 474 4259 oe
493 4204 595 4259 fabulo
613 4205 799 4274 rropeauna
818 4204 851 4272 u,
871 4201 1071 4272 oron-eugen
1089 4172 1168 4264 rece,
1184 4217 1213 4271 μ
1231 4201 1257 4254 e.
