2946 4734
700 282 743 345 42

150 454 168 519 ὁ
191 455 299 535 λόγος,
326 453 367 519 ef.
392 453 497 520 etiam
519 455 577 521 Or.
601 455 664 520 352
689 451 782 521 δι’ὧν
805 457 899 521 δοκεῖ
925 454 1026 521 αὐτὸν
1049 453 1212 537 ἐπαινεῖν,
1241 454 1297 518 διὰ

148 558 277 623 τούτων
300 563 399 624 λυπεῖ
419 559 714 643 ἀναμιμνήσκουσα
736 572 803 626 τῶν
827 559 1045 643 ἀπολομένων
1067 559 1106 624 ἐν
1126 568 1167 645 τῇ
1182 561 1294 644 Τροίᾳ,

149 663 191 728 cf.
215 663 319 729 etiam
341 669 484 751 propter
505 663 711 731 locutionem
733 664 788 730 Αἱ.
803 666 867 730 687
882 663 998 747 τὰμὲν
1014 675 1073 748 τῆς
1094 662 1297 747 ἀναιρέσεως

150 769 233 850 δῆλα
256 777 302 855 τῷ
324 776 439 854 deutri,
463 769 579 852 ἀγνοεῖ
598 767 634 834 dh
658 769 676 834 ὁ
699 773 807 854 χορός.

235 873 383 939 Ironiam
406 878 519 941 autem
543 875 699 941 comicum
715 875 788 941 fere
810 874 921 941 dicere
941 896 1115 960 possumne
1139 871 1296 939 enarrari

148 975 200 1040 his
224 977 377 1045 scholiis:
405 979 471 1044 Ad.
496 981 601 1046 beel
628 979 722 1060 ‚mire
744 979 820 1045 Ter.
844 1002 900 1046 eos
931 978 1105 1067 ipsos'qni
1123 976 1296 1044 ,falluntur

149 1102 191 1146 ex
221 1082 335 1169 aliqua
364 1088 464 1171 parte
494 1088 611 1151 cautos
642 1084 726 1151 fecit
749 1088 834 1167 etc‘,
864 1085 1058 1150 11114121
1084 1082 1173 1165 ,vide
1196 1103 1296 1169 quam

148 1185 243 1268 mire,
278 1210 352 1254 cum
375 1212 487 1255 omues
522 1190 675 1259 consulto
708 1190 847 1256 consilio
879 1189 943 1256 sibi
976 1211 1079 1274 agere
1102 1186 1293 1269 videantur,

149 1312 260 1359 omnes
283 1297 398 1360 tamen
420 1317 536 1360 rerum
559 1296 653 1361 exitu
675 1295 849 1383 inopinato
872 1295 1108 1361 ludificentur‘.

237 1396 304 1463 Sed
326 1402 366 1465 ut
389 1422 470 1466 vere
494 1401 721 1466 oeconomicus
751 1402 861 1487 possit
890 1400 1059 1487 appellari
1086 1402 1198 1484 poeta,
1228 1418 1296 1461 non

149 1501 256 1567 solum
285 1526 421 1570 necesse
452 1509 515 1585 est,
546 1509 585 1571 ut
619 1505 800 1572 secundum
831 1512 960 1571 certum
994 1503 1170 1571 consilinm
1200 1503 1296 1568 recte

149 1605 284 1693 derigat
307 1631 475 1694 personas,
510 1610 568 1675 sed
592 1611 694 1676 etiam
717 1633 852 1698 operam
880 1610 960 1676 dare
984 1610 1093 1690 debet,
1123 1630 1166 1674 ne
1189 1607 1294 1673 anim-

113 1785 117 1795 ,
148 1711 334 1778 advertant
368 1719 579 1800 spectatores
603 1721 664 1781 aut
695 1715 805 1799 derigi
828 1737 990 1801 personas
1014 1718 1075 1780 aut
1101 1717 1195 1780 certo
1218 1733 1295 1778 con·

148 1815 223 1882 silio
255 1817 329 1882 fieri
362 1819 465 1886 facta.
513 1820 624 1886 Debet
657 1821 745 1886 enim
778 1822 961 1886 ohservare
992 1821 1100 1905 legem
1128 1817 1295 1904 quandam

147 1918 199 1984 his
232 1921 367 1989 scholiis
400 1926 483 1990 hene
517 1924 723 2011 expositam:
760 1925 844 1990 Eun.
870 1925 974 1990 2921
1011 1924 1056 2004 ,in
1089 1921 1152 1988 hac
1175 1940 1295 1987 scaena

146 2048 254 2092 novus
277 2050 371 2093 amor
394 2029 501 2095 adhuc
525 2031 645 2114 ephebi
668 2034 703 2096 et
726 2030 902 2096 consilium
932 2026 1203 2095 dehonestandae
1226 2025 1295 2091 viru

147 2130 235 2215 ginis
272 2134 464 2200 ostenditur
503 2138 603 2200 tanta
641 2134 772 2200 virtute
809 2141 930 2222 poetae
969 2133 1102 2213 cornici,
1142 2132 1181 2196 ut
1216 2128 1295 2195 hoc

146 2244 425 2304 commentum
447 2263 529 2305 non
552 2241 799 2326 quaesitum
823 2263 917 2306 esse
940 2239 1013 2306 sed
1041 2234 1295 2304 occurrisse

148 2363 222 2407 sua
256 2351 410 2428 sponte
443 2345 674 2427 videatur‘,
699 2346 763 2410 364
794 2345 881 2427 ,vide
903 2346 939 2411 id
962 2365 1065 2430 agere
1088 2337 1294 2420 Terentium,

147 2449 290 2511 utnon
314 2450 518 2534 quaesita
542 2473 636 2516 esse
665 2451 769 2516 haec
799 2450 1004 2531 fallacia,
1037 2449 1110 2515 sed
1131 2447 1228 2533 ipsa
1251 2463 1295 2509 se

149 2552 370 2619 obtulisse
394 2556 621 2637 videatur,
655 2557 762 2621 3563
797 2556 883 2637 ‚vide
907 2577 1006 2642 quam
1028 2553 1229 2620 molliter
1252 2553 1295 2616 et

149 2657 242 2722 sine
264 2658 507 2727 intellectu
531 2661 808 2748 spectatoris
832 2661 882 2727 ad
908 2657 1158 2746 argumenti
1181 2678 1294 2743 spec·

148 2762 237 2826 tati
261 2764 455 2830 ordinem
479 2771 609 2852 poeta
631 2767 885 2853 perveniat,
910 2771 949 2832 ut
973 2765 1014 2831 de
1036 2763 1185 2830 eunucho
1202 2763 1295 2828 faeta

147 2869 316 2934 mentione
339 2871 513 2937 consilium
543 2883 703 2938 nascatur
735 2871 944 2959 supponendi
967 2869 1159 2946 Chaerene‘,
1185 2867 1291 2932 370.1

148 2973 236 3053 ‚vide
259 2996 357 3060 quam
380 2976 501 3041 molli
531 2977 743 3042 descensu
772 2976 824 3042 ad
854 2976 930 3040 hoc
953 2974 1181 3040 consilium
1202 2993 1293 3059 per-

148 3078 341 3163 venitur;
366 3104 436 3146 res
461 3082 568 3146 enim
593 3082 666 3147 hoc
689 3081 892 3167 suggerit
916 3080 1065 3166 potius
1089 3101 1187 3166 quam
1209 3077 1293 3142 Par-

146 3204 242 3247 meno
266 3188 351 3263 etc.‘‚
376 3186 449 3250 365.
463 3188 493 3268 2,
515 3186 581 3250 An.
597 3187 702 3251 459.l
730 3190 774 3266 ‚et
798 3185 959 3271 quaedam
982 3183 1161 3264 industria,
1195 3203 1292 3269 quae·

148 3287 224 3351 dam
249 3289 343 3355 velut
366 3313 443 3355 casu
468 3291 628 3356 eveniunt
652 3314 697 3371 ..;
736 3291 771 3355 in
793 3291 910 3355 multis
935 3290 1021 3355 euim
1049 3291 1293 3371 οἰκονομία

148 3392 348 3458 comicorum
370 3399 546 3480 poetarum
569 3397 620 3461 ita
644 3419 678 3461 se
701 3396 813 3475 hahet,
848 3399 889 3460 ut
912 3417 1008 3460 casu
1030 3397 1158 3480 putet
1181 3414 1293 3480 spec-

147 3500 271 3564 tator
295 3500 484 3579 venisse,
516 3501 624 3587 quod
648 3500 834 3566 consilio
867 3499 1107 3586 scriptoris
1130 3498 1293 3564 factum

148 3603 231 3682 sit‘,
257 3603 293 3668 Ο.
307 3604 348 3668 R.
369 3605 453 3668 1177
476 3606 519 3692 (p.
533 3606 573 3669 41
592 3604 819 3692 exscriptum),
843 3605 936 3670 cuius
961 3602 1079 3669 scholii
1101 3606 1207 3670 verbo
1222 3601 1293 3686 τρέ-

148 3732 241 3772 πεται
258 3709 375 3774 similis
393 3711 507 3775 subest
523 3711 633 3794 imago
649 3732 734 3795 quae
749 3709 951 3774 Donatianis
968 3712 1004 3774 et
1018 3709 1125 3794 magis
1146 3707 1292 3796 propriis

149 3813 253 3877 ‘molli
284 3813 443 3880 descensu
474 3815 673 3900 pervenire‘.
721 3813 892 3879 Paulatim
921 3813 1030 3899 igitur
1063 3817 1098 3879 et
1120 3812 1293 3898 gradatim

148 3918 249 3982 debet
272 3921 455 4004 procedere
483 3920 599 3985 fabula
621 3919 786 4005 paulatim
819 3918 1005 3983 orientibus
1029 3926 1064 3983 et
1087 3917 1185 4003 quasi
1207 3938 1293 3983 cres·

148 4023 301 4089 centibus
317 4024 479 4107 consiliis;
511 4025 604 4089 facta
619 4024 709 4089 haud
725 4023 826 4089 aliter
850 4023 960 4089 subito
986 4028 1021 4089 et
1045 4023 1139 4110 quasi
1163 4020 1293 4088 extrin-

149 4150 242 4193 secus
257 4129 371 4195 induci
388 4155 455 4195 non
473 4131 604 4195 dehent.
640 4128 781 4194 Omnino
797 4130 910 4193 autem
928 4129 1079 4215 quamvis
1095 4128 1203 4194 libere
1219 4149 1292 4214 per·

149 4255 249 4298 sonae
273 4256 375 4318 agere
399 4235 590 4312 videantur,
628 4243 740 4299 tamen
768 4235 862 4298 certo
885 4233 1024 4298 consilio
1049 4233 1250 4319 derigantur
1271 4253 1293 4297 a

148 4342 251 4423 poeta
275 4345 310 4404 et
325 4339 465 4405 invicem
483 4339 634 4425 quamvis
657 4345 750 4404 certo
767 4337 906 4403 consilio
928 4344 1065 4424 apoeta
1081 4338 1291 4424 derigantur,
