2946 4734
635 369 840 431 „72-

146 548 193 614 Cf.
204 547 400 612 Philemonis
412 547 468 627 frg.
482 547 531 623 92,
545 546 582 610 K.
595 548 621 611 ll
633 569 664 630 p.
678 549 739 611 506
752 572 759 621 ;
776 546 943 611 Menandri
956 545 1013 625 lrg.
1024 545 1095 623 588,
1107 545 1145 608 Κ.
1159 544 1201 607 lll
1211 567 1242 627 p.
1257 547 1313 610 178

147 656 295 733 Quantus
317 655 399 718 inter
420 655 602 735 Augusteos
631 657 744 737 poetas
767 674 884 718 aureae
914 652 1145 718 mediocritatis
1166 652 1315 717 laudator

146 755 300 818 Horatius
320 754 369 832 sit,
392 754 442 817 vel
465 754 623 817 tironibus
644 759 775 830 noturn;
798 773 900 836 quare
921 752 1001 817 satis
1023 752 1063 816 sit
1082 771 1185 816 unum
1201 752 1316 816 Tibulli

146 855 251 919 locum
275 854 418 917 conferre
439 854 453 916 l
476 855 501 931 l,
515 856 615 936 5sqq.

337 968 381 1006 me
400 968 462 1006 mea
478 955 628 1022 paupertas
645 952 704 1006 vita
722 953 850 1007 traducat
868 951 960 1020 inerti,

388 1038 454 1091 dum
472 1055 547 1093 meus
566 1038 679 1093 adsiduo
699 1039 789 1093 luceat
807 1039 871 1108 igne
890 1038 973 1092 focus.

337 1125 394 1179 iam
411 1124 490 1192 mihi,
509 1124 565 1178 iam
583 1124 683 1194 possim
703 1127 847 1179 contentus
868 1124 958 1178 vivere
976 1140 1061 1194 parvo

387 1227 438 1265 nec
455 1228 560 1281 semper
578 1213 677 1282 longae
696 1212 803 1266 deditus
821 1229 877 1267 esse
895 1213 957 1267 viae
975 1229 1030 1280 eqo.

232 1300 276 1363 At
299 1299 380 1362 haec
399 1299 529 1380 quidem
546 1299 711 1363 hactenus.
756 1301 873 1381 lpsas
892 1299 1044 1365 deinde
1065 1301 1320 1378 meretriceo,

151 1418 238 1480 quae
261 1398 398 1462 avaritia
427 1418 485 1463 sua
508 1403 690 1464 amatorum
715 1401 800 1463 bona
824 1401 998 1476 devorant,
1030 1399 1203 1463 iuvenes
1233 1419 1320 1463 cum
1347 1443 1350 1449 -

148 1497 440 1562 voracissimis
471 1498 709 1562 tabularum
737 1499 890 1576 beluis,
920 1518 1004 1562 cum
1038 1498 1197 1580 Scylla,
1220 1497 1320 1563 Cha·

147 1597 289 1679 rybdi,
319 1596 550 1673 Chimaera,
584 1599 683 1662 aliis
706 1617 952 1681 comparare
973 1598 1120 1661 solent.
1163 1597 1322 1679 Imprimis

151 1697 308 1761 Anaxilas
329 1695 449 1759 multus
471 1700 518 1759 est
540 1697 573 1759 in
595 1697 657 1761 hac
680 1699 921 1781 comparatione
942 1698 1000 1778 frg.
1019 1697 1068 1775 m,
1090 1697 1128 1761 Κ.
1148 1697 1175 1760 Π
1196 1718 1228 1780 p.
1245 1699 1306 1762 270

251 1788 326 1854 ὅστις
344 1788 502 1865 ἀνθρώπων
521 1793 635 1866 ἑταίραν
655 1791 781 1867 ἠγάπησε
799 1795 919 1865 πώποτε,

251 1865 284 1933 ori
302 1879 385 1949 γένος
403 1882 445 1939 τίς
461 1875 497 1931 ἄν
515 1879 630 1934 δυ’ναιτο
651 1884 890 1958 παρανομώτερον
909 1889 1028 1963 caprinam

249 1969 290 2026 τίς
308 1963 365 2038 γὰρ
384 1962 400 2037 ἢ
419 1963 545 2037 δράκαιν’
564 1965 681 2040 ἄμικτος
703 1967 718 2040 ἢ
736 1972 861 2046 Χίααιρα
879 1978 1021 2049 πύρπνοος

249 2048 266 2124 ἢ
285 2051 430 2125 Χάρυβδις
451 2049 467 2124 ἢ
487 2056 636 2124 τρίκρανος
655 2055 774 2123 Σκύλλα,
793 2064 894 2114 ποντία
913 2065 993 2132 κύων,

248 2138 355 2209 Σφίγξ,
382 2134 467 2210 ὕδρα,
492 2136 588 2203 λέαιν’,
615 2141 709 2213 ἔχιδνα
736 2145 827 2216 πτηνά
846 2144 877 2200 θ’
893 2144 1024 2223 Ἁρπυιῶν
1042 2152 1122 2224 γένη,

248 2223 288 2284 εἰς
307 2220 464 2297 ὕπερβολὴν
483 2222 599 2294 α’φῖκται
619 2229 666 2283 τοῦ
686 2231 879 2288 καταπτύστου
899 2237 1012 2306 γένους;

248 2307 299 2363 ov'x
318 2310 422 2381 ἔνεσθ’,
442 2299 526 2365 αὗται
545 2309 577 2366 d’
595 2309 726 2370 (inductor
745 2313 908 2392 ὑπερέχουσι
928 2323 982 2377 τῶν
1003 2326 1095 2379 κακῶν
1112 2343 1168 2394 eqo.

150 2397 332 2481 Charybdis
354 2400 451 2464 etiam
474 2401 506 2464 in
529 2402 636 2466 Plauti
658 2407 763 2470 verbis
785 2410 1008 2491 subaudienda
1029 2418 1094 2478 est:
1147 2415 1150 2419 ’

185 2495 282 2550 Bacch.
301 2498 401 2566 4‘lOsq.
423 2530 425 2534 >

343 2585 515 2640 meretricem
533 2585 647 2655 indigue
665 2588 778 2658 deperit.
815 2591 865 2644 M.:
884 2609 941 2645 non
959 2596 990 2647 tu
1007 2594 1104 2648 taces?

190 2755 203 2807 1
225 2669 307 2808 Ιιγρκ
345 2675 429 2810 {tque
449 2672 579 2727 acerrime
598 2676 766 2729 aestuosam:
786 2676 922 2741 absorbet,
941 2678 989 2732 ubi
1007 2695 1144 2748 quemque
1163 2678 1268 2749 attigit.

186 2754 293 2810 ''rucu.
314 2758 348 2810 35
374 2775 412 2826 sq.

344 2843 391 2898 sed
409 2847 547 2898 aestuosae
562 2843 650 2898 sentio
670 2845 771 2913 aperiri
790 2845 869 2913 fores,

343 2947 416 2998 quae
435 2929 590 3000 obsorbent,
610 2930 743 2999 quidquid
762 2932 839 2986 venit
856 2933 932 2988 intra
949 2935 1076 3004 pessulos.

187 3015 295 3070 Trucul.
315 3017 365 3070 568

344 3102 514 3157 meretricem
534 3117 585 3170 ego
603 3100 671 3154 item
691 3117 747 3155 esse
765 3119 833 3171 reor,
852 3120 927 3158 mare
945 3107 977 3157 ut
995 3106 1053 3158 est:

344 3188 416 3257 q'uod
435 3188 489 3256 des,
508 3185 622 3240 devorat
647 3204 697 3241 nec
715 3187 787 3240 datis
806 3189 936 3244 abundat.

152 3285 274 3349 Similia
298 3283 443 3365 sumpsit,
466 3283 497 3346 ni
521 3282 622 3359 fallor,
645 3283 822 3365 Alciphron
845 3305 884 3347 ex
907 3285 1078 3350 comoediis
1097 3285 1229 3352 Graecis
1251 3291 1324 3372 ep.l

154 3387 234 3462 6,λ;
257 3385 270 3447 l
295 3383 574 3461 18,3;11133,a.

235 3485 303 3548 lam
321 3503 406 3560 ver0,
426 3503 498 3546 cum
515 3483 684 3546 Romanae
702 3483 821 3563 elegiae
841 3484 1024 3549 huiusmodi
1043 3486 1121 3550 nihil
1137 3488 1324 3570 praebeant,

156 3585 244 3666 apud
267 3584 437 3647 Horatium
457 3584 591 3664 legimus
616 3603 712 3646 carni.
736 3584 748 3646 l
769 3585 818 3659 27,
836 3587 871 3648 19
884 3605 952 3666 sqq.

748 3700 764 3734 a
783 3683 872 3750 miser,

445 3810 447 3815 ,
487 3773 591 3837 quanta
611 3769 756 3823 laborabas
776 3769 924 3838 Charybdi,

485 3855 569 3924 digne
589 3872 657 3924 puer
676 3854 786 3908 meliore
804 3856 923 3909 flamma.

155 3948 201 4010 Ac
225 3946 305 4009 forte
328 3945 458 4008 fortuna
490 3944 614 4019 evenit,
643 3948 676 4006 ul
709 3945 806 4007 etiam
849 3964 932 4007 unus
965 3945 1152 4008 hexameter
1183 3949 1328 4009 servatus

158 4050 292 4108 testetur
305 4043 544 4108 Alexandrinae
562 4042 681 4122 elegiae
697 4045 872 4125 principem
897 4045 958 4106 hac
976 4045 1219 4126 comparatione
1233 4062 1326 4108 usum

159 4166 244 4209 esse:
266 4146 323 4227 frg.
351 4145 409 4207 184
431 4143 552 4223 (Schn.)

352 4236 462 4293 Σκύλλα
482 4237 553 4310 γυνὴ
573 4244 729 4292 κατακασσα
751 4242 798 4291 καὶ
817 4243 847 4292 οὐ
867 4235 961 4305 ψύθος
980 4238 1074 4311 οὔνομ’
1093 4236 1202 4311 ἔχουσα.
