2946 4734
579 242 747 313 ‘21

152 422 216 490 hot
231 423 391 490 simulans
407 421 492 488 illud
506 420 723 488 dissimulans
747 421 812 504 (86,
828 419 920 502 881,
937 421 989 486 90.
1002 420 1048 501 3),
1071 441 1132 485 1155
1147 440 1301 506 umquam

152 528 296 595 affectus
320 527 496 595 consilium
520 527 552 594 51
566 525 687 594 adimit
704 527 792 609 (735.
806 526 851 610 2).
889 525 937 592 Et
959 525 1050 613 quod
1062 525 1302 612 gravissimum

152 636 222 716 est,
254 635 343 700 bona
371 637 425 700 est
446 631 609 700 meretrix
632 632 740 719 (198),
774 653 861 718 quae
882 653 962 697 vere
985 634 1077 697 amat
1099 629 1302 696 Phaedriam

152 738 274 826 (praef.
290 739 339 823 ΙΙ)
361 760 423 804 nec
435 759 593 824 umquam
608 737 709 825 plane
725 736 880 823 neglegit
894 734 1056 823 pudorem
1072 735 1300 822 (107,138.1),
1348 815 1352 831 ¹

151 844 274 931 quippe
298 865 383 931 quae
405 844 569 931 praebeat
591 843 770 910 femineam
791 840 1020 909 reverentiam
1043 839 1187 926 (8321).
1235 839 1302 908 Sed

151 952 295 1036 praebet
331 949 434 1016 etiam
466 947 696 1014 meretricium
730 945 1019 1032 55555111(832.1)
1059 947 1301 1013 meretriciam-

151 1046 653 1141 5551555155115111(619.2),
678 1074 776 1140 quem
799 1051 949 1118 ostendit
978 1051 1013 1116 in
1037 1053 1223 1118 amatorem
1252 1053 1301 1118 in·

151 1164 267 1249 eptum
290 1159 454 1241 Militem,
477 1161 512 1226 in
535 1181 632 1247 quem
654 1161 716 1226 aut
739 1160 850 1226 verbis
871 1159 1107 1247 petulantibus
1132 1161 1300 1225 contume-

150 1267 236 1333 liose
272 1264 406 1331 involet
445 1265 566 1353 (praef.
590 1264 690 1342 1114,
714 1266 790 1331 810.
803 1265 837 1346 4)
869 1267 931 1330 551
961 1287 1060 1351 quem
1092 1264 1233 1352 superbe
1265 1266 1301 1329 51

151 1370 396 1437 contumaciter
420 1372 614 1437 contemnat
636 1369 769 1455 (7961,
795 1370 868 1449 793,
893 1370 1009 1447 7951,
1034 1370 1165 1454 8162).

239 1474 338 1558 Quod
359 1497 426 1541 non
448 1475 627 1556 miramur,
656 1497 731 1540 oum
752 1497 792 1542 re
814 1497 897 1542 vera
919 1475 1045 1542 Miles
1068 1474 1097 1541 15
1122 1474 1177 1551 511,
1202 1495 1300 1561 quarn

150 1579 286 1646 minime
324 1579 399 1666 quis
430 1583 605 1646 amaturus
646 1579 708 1661 sit,
750 1579 808 1647 sed
849 1581 907 1668 qui
952 1580 1103 1646 insuavis
1136 1579 1182 1646 sit
1210 1577 1301 1665 apud
1341 1607 1343 1612 ·

151 1705 265 1751 omnes
289 1684 374 1766 (616,
397 1683 531 1767 4791).
575 1682 642 1749 Est
674 1684 761 1749 enim
792 1683 889 1750 homo
913 1684 1136 1751 stultissimus
1171 1685 1257 1766 (391.
1271 1687 1298 1764 1,

150 1790 269 1869 4062,
306 1788 470 1864 41312,
510 1788 628 1859 4222,
668 1789 788 1868 4792,
825 1790 945 1864 4961,
984 1790 1123 1865 10441,
1164 1789 1256 1855 1063.
1272 1790 1299 1868 1,

152 1894 247 1960 1085.
258 1893 301 1978 3),
315 1893 576 1981 intempestivus
588 1894 675 1971 (397.
688 1893 732 1978 2),
747 1893 1148 1979 15551555(465.3),111515
1160 1893 1298 1979 (4123),

150 1998 362 2084 importunus
384 1998 528 2084 (4791),
552 1998 703 2083 ineptus,
728 2020 845 2077 vanus,
869 1999 1006 2082 μάταιος
1029 1999 1158 2081 (4962,
1183 1999 1299 2076 6151,

151 2104 269 2184 7711,
307 2103 430 2181 7942,
454 2103 590 2188 4021),
629 2103 822 2190 impolitus,
860 2103 1106 2170 infantissimus
1146 2104 1297 2187 (10631,

149 2209 224 2286 432,
245 2209 320 2274 405.
334 2209 364 2288 2,
383 2208 477 2275 1056.
491 2208 532 2292 1),
556 2208 728 2274 1151555151
744 2209 830 2296 (422.
844 2209 887 2294 2),
911 2209 1043 2275 omuino
1067 2208 1171 2275 durus
1195 2212 1299 2295 atque

150 2312 298 2398 agrestis
321 2312 463 2399 (4563).
498 2313 611 2394 Quare
636 2335 767 2400 semper
789 2313 952 2380 ridiculus
976 2319 1030 2380 551
1053 2314 1174 2402 (praef.
1197 2313 1298 2394 1114,

151 2419 268 2495 alal,
292 2419 430 2499 8141),
461 2420 664 2506 praesertim
695 2442 768 2486 cum
800 2443 931 2506 semper
961 2443 997 2487 55
1027 2419 1163 2486 laudari
1185 2420 1300 2506 cupiat

150 2525 237 2610 (401.
250 2526 295 2608 5),
319 2545 518 2611 quamquam
539 2546 677 2593 revera
698 2524 784 2591 nihil
807 2548 842 2591 se
866 2547 940 2592 5555
962 2548 1000 2592 55
1025 2523 1185 2610 55155111,
1209 2522 1299 2610 qnod

150 2629 302 2715 quamvis
316 2628 484 2715 gloriosus
498 2632 611 2695 tamen
623 2630 761 2695 timidus
776 2634 830 2696 551
842 2630 927 2711 (781.
939 2630 971 2715 1)
983 2629 1208 2716 facillimeque
1221 2651 1298 2695 exa-

149 2734 299 2800 nimatus
322 2733 483 2820 desperat
516 2734 668 2820 (10264,
701 2735 840 2817 10541,
867 2737 960 2800 1055.
972 2736 1004 2816 6)
1036 2739 1139 2821 atque
1165 2733 1299 2799 humilis

149 2838 191 2904 fit
214 2842 251 2905 et
274 2838 418 2925 supplex
440 2838 514 2904 sine
536 2840 651 2924 gratia
674 2850 709 2905 51
733 2840 804 2906 sine
826 2840 951 2906 timore
972 2840 1080 2922 (1054.
1095 2841 1123 2920 1,
1149 2837 1297 2923 10611).

236 2943 288 3010 De
304 2942 526 3010 Phaedria
541 2943 652 3011 altero
668 2944 807 3010 Thaidis
823 2950 977 3011 amatore
1000 2944 1073 3009 fere
1095 2943 1179 3009 nihil
1195 2965 1298 3009 anno·

148 3048 242 3115 tavit
265 3049 465 3116 scholiasta:
496 3053 683 3116 amatorem
717 3072 798 3116 sane
833 3074 908 3116 eum
938 3073 1011 3117 5555
1036 3072 1136 3137 saepe
1158 3071 1297 3116 comme·

148 3155 298 3221 moravit
321 3154 407 3239 (218,
424 3155 540 3237 2093,
560 3156 631 3222 190.
645 3157 674 3237 3,
695 3156 766 3221 188.
783 3159 809 3235 1,
826 3157 933 3222 6373
957 3154 1043 3239 515),
1069 3177 1174 3243 quare
1197 3155 1298 3223 facile

148 3260 311 3346 desperat
334 3261 420 3343 (217.
434 3243 467 3346 3)
498 3264 534 3328 51
556 3283 644 3328 vana
673 3261 805 3346 cogitat
827 3260 884 3327 vel
905 3261 1058 3348 loquitur
1090 3261 1238 3347 (2161),
1262 3263 1297 3327 in

148 3364 295 3431 Militem
317 3369 461 3452 superbe
484 3371 519 3433 51
541 3367 719 3432 minaciter
741 3365 916 3432 invehitur
939 3367 1099 3451 (10612).

238 3469 435 3537 Chaerea
465 3471 577 3538 frater
609 3472 762 3559 quamvis
795 3471 943 3558 ephebus
976 3475 1091 3539 tamen
1123 3471 1297 3538 vehemen-

149 3575 291 3642 tissimis
307 3577 485 3647 affectibus
501 3576 677 3662 praeditus
695 3580 756 3658 est,
782 3578 961 3665 praecipue
984 3578 1072 3663 quod
1088 3577 1132 3644 ad
1149 3598 1297 3642 amorem

148 3681 299 3766 pertinet
314 3681 400 3766 (301.
413 3682 443 3747 4.
458 3683 488 3764 5,
504 3683 612 3768 praef.
630 3682 677 3762 11,
694 3682 768 3748 292.
784 3685 811 3763 1,
836 3681 944 3768 praef.
960 3682 1018 3746 ΙΠ
1030 3684 1059 3764 2,
1077 3683 1149 3748 351.
1168 3682 1295 3765 aaut),

107 3834 110 3837 -
149 3784 325 3852 sedetiam
337 3785 423 3852 alias
435 3786 677 3853 audacissimus
691 3791 753 3866 551,
766 3787 944 3869 confidens,
957 3787 1131 3874 impudens
1143 3787 1295 3872 (84912,

148 3890 223 3955 907.
235 3891 266 3972 3,
290 3891 410 3970 8482,
436 3891 542 3977 1029).

236 3994 439 4062 Chremes
476 3996 672 4062 adulescens
708 3996 851 4063 honeste
883 4001 984 4063 natus
1020 3998 1109 4081 (770)
1149 3998 1295 4063 15511555

148 4104 202 4166 551
217 4103 254 4166 51
269 4100 421 4189 simplex,
438 4101 532 4168 rudia
557 4103 687 4184 (5071,
706 4102 780 4167 531.
795 4102 824 4179 1,
849 4103 922 4183 532,
948 4103 1066 4177 7361,
1092 4103 1164 4182 745,
1183 4102 1294 4180 7694,

148 4203 237 4290 770),
260 4227 366 4292 quare
379 4229 448 4272 non
464 4207 572 4273 solum
586 4206 725 4294 pudens,
753 4206 810 4273 sed
827 4207 930 4272 etiam
946 4206 1084 4272 timidus
1101 4209 1137 4271 51
1152 4204 1294 4292 pavidus

147 4313 204 4376 est
225 4309 310 4393 (745,
336 4311 408 4376 154.
422 4310 452 4393 5,
477 4311 551 4377 ros.
567 4311 594 4377 1.
609 4313 638 4392 3,
664 4312 736 4376 155.
751 4312 780 4390 3,
805 4312 891 4397 747).
