2946 4734
629 414 835 476 ,89-

147 593 252 670 elegos
281 591 470 672 pervenisse.
520 592 611 669 Quae
636 611 685 655 res
715 611 786 655 mea
812 591 942 673 quidem
972 593 1129 655 sententia
1155 592 1307 656 facillime

148 693 298 774 explicari
316 697 440 773 potest,
462 693 487 755 si
511 693 656 756 Philotae
677 697 709 756 et
731 691 917 756 Callimachi
941 692 1085 756 carmina
1107 694 1265 757 amatoria
1289 714 1308 758 a

148 792 279 869 Tibulli,
312 791 485 872 Propertii,
518 792 622 856 Ovidii
655 792 885 855 imitationibus
925 792 1014 855 haud
1049 793 1149 856 multo
1182 793 1307 858 diversa

148 897 244 959 fuisse
266 895 424 975 fingimus,
469 893 550 956 Nam
574 894 597 955 si
614 892 820 955 Alexandrini
844 891 886 954 illi
909 896 1056 955 auctores
1072 892 1184 955 eodem
1211 894 1308 957 modo

150 1017 187 1061 ac
208 996 346 1059 Romani
378 999 550 1057 sectatores
579 1013 671 1056 suam
701 1011 772 1055 cum
806 993 1023 1056 meretricibus
1046 994 1309 1058 consuetudinem
1375 1011 1377 1014 ’

150 1098 180 1161 iu
204 1097 299 1176 elegis
322 1097 563 1169 enarraverunt,
585 1092 733 1156 facillime
755 1091 821 1153 fieri
845 1092 957 1172 potuit,
977 1097 1011 1155 ut
1028 1093 1070 1156 ad
1091 1113 1166 1157 suos
1182 1113 1308 1157 amores

151 1196 369 1278 depingendus
398 1197 518 1260 colores
550 1193 774 1256 mutuarentur
801 1213 840 1255 ex
870 1193 1042 1256 comoediis
1070 1195 1199 1271 Atticis,
1228 1214 1312 1276 quae

151 1298 394 1361 Atheniensium
419 1297 569 1360 iuvenum
593 1301 624 1359 et
645 1301 823 1360 scortorum
845 1316 971 1360 amores
990 1297 1019 1358 iu
1040 1314 1169 1358 scenam
1192 1298 1312 1377 produ-

152 1399 276 1461 cebant.
331 1398 435 1475 Quam
459 1398 500 1460 ob
530 1416 597 1459 rem
628 1397 784 1463 assentiar
810 1396 951 1478 opinioni
981 1414 1107 1471 eorum,
1140 1396 1194 1476 qui
1215 1396 1311 1474 Calli·

152 1499 302 1562 machum
326 1503 453 1579 praeter
474 1498 558 1561 aetia
581 1498 868 1578 etepigrammata
890 1497 986 1560 etiam
1010 1497 1115 1577 elegos
1137 1498 1311 1562 amatorios

152 1601 312 1680 scripsisse
343 1600 502 1680 putant.¹l
556 1599 700 1679 Denique
732 1599 809 1661 artis
840 1599 1016 1661 amatoriae
1049 1617 1178 1679 quoque
1209 1599 1311 1662 multa

152 1704 324 1783 praecepta
353 1701 532 1764 meretricia
554 1700 595 1762 ab
618 1698 733 1762 Ovidio
759 1718 797 1761 ex
820 1697 916 1779 elegis
938 1696 1162 1761 Alexandrinis
1184 1701 1313 1780 sumpta

153 1802 306 1882 originem
330 1821 367 1863 ex
391 1801 563 1865 comoediis
583 1800 696 1863 Atticis
718 1799 834 1862 ducere
857 1799 1024 1862 verisimile
1045 1803 1101 1862 est

227 1997 250 2064 l)
269 1998 309 2050 ul.
329 1995 408 2058 Otto,
434 1995 472 2049 De
490 1995 573 2050 fabul.
595 1995 673 2064 Prop.
694 1995 705 2047 I
730 2013 755 2063 p.
775 1996 858 2063 2sqq.
902 1993 945 2045 W.
964 1993 1071 2063 Lange,
1100 1995 1136 2049 De
1155 1994 1312 2050 Callimachi

155 2083 250 2147 Aeliis,
269 2082 339 2151 Lips.
361 2082 436 2150 1882,
454 2100 480 2151 p.
502 2083 588 2150 3sqq.
626 2081 770 2135 Rothstein
788 2099 814 2150 p.
833 2080 912 2133 XXII
929 2098 987 2149 sqq.
