2946 4734
627 237 829 298 ..41-

146 412 264 476 amoris
286 412 418 475 affectos
441 432 516 476 mox
540 414 658 492 gaudio
679 418 710 476 et
740 413 887 478 felicitate
909 414 1105 478 exsultantes
1126 414 1311 492 videbimus,

146 532 221 576 nam
240 513 341 575 Amor
363 516 393 575 et
409 511 501 575 dulce
519 517 550 576 et
572 533 730 590 umerum,
753 514 840 596 quod
853 514 963 578 Gracci
987 533 1052 577 uno
1074 513 1173 577 verbo
1193 512 1313 592 ‘rivad-

148 612 269 690 roxpov’
308 616 436 687 vocant,
478 612 522 675 eis
554 612 631 676 dare
661 613 751 678 solet.
806 613 950 678 Primum
988 613 1040 676 hic
1073 613 1202 676 Amoris
1233 631 1313 691 mos,

147 714 304 793 quantum
327 710 402 788 scio,
423 716 695 776 commemoratur
717 713 805 795 apud
829 712 970 795 Sappho·
982 715 1012 776 et
1034 712 1272 791 Theognldem:

184 833 284 904 Sapph.
304 832 357 902 frg.
377 832 409 887 38
431 833 482 898 (ed.
501 833 701 904 Bergk-Hiller)

339 915 421 989 Ἔρος
439 914 469 971 d'
487 905 554 989 ηέτέ
570 916 601 992 μ’
620 905 803 994 δ’λοσιμελὴς
821 921 906 988 δόνει,

343 1005 534 1075 γλυκύπικρον
553 1002 699 1078 ἀμάχανον
717 1005 847 1079 ὅρπετον

183 1097 305 1166 Theogn.
325 1116 349 1151 v.
371 1098 438 1150 1353
446 1116 505 1167 sqq.
721 1162 724 1167 Ι
870 1168 873 1174 ¹

293 1224 295 1226 -
339 1179 443 1254 πικρὸς
461 1185 508 1237 καὶ
526 1180 630 1254 γλυιιές
648 1182 771 1238 ἐστικαὶ
790 1180 928 1259 ἆρτιαλέος
947 1188 994 1240 καὶ
1012 1184 1129 1261 ἀπηνής,

397 1268 470 1341 ὄφρα
491 1270 596 1345 τέλειος
615 1270 655 1345 ἔῃ,
677 1269 783 1347 Κύρνε,
803 1272 907 1325 νέοισιν
920 1270 1015 1345 Ἔρως·

345 1352 379 1426 ἢν
396 1355 450 1428 μὲν
468 1352 523 1428 γὰρ
540 1357 644 1431 τελέσῃ,
664 1354 750 1427 γλυκὺ
770 1361 890 1428 γίνεται,
912 1356 946 1430 ἤν
964 1359 993 1413 δέ
1012 1357 1118 1413 διώκων
1225 1409 1226 1412 ,

397 1438 436 1515 μὴ
456 1443 560 1518 τελέσῃ,
580 1447 689 1497 πάντων
708 1441 782 1498 τοῦτ’
803 1441 998 1517 ένιηρότατον.

151 1549 272 1612 Deinde
301 1548 467 1630 Euripides
495 1549 528 1612 in
556 1560 667 1614 amore
697 1551 851 1632 gaudium
879 1556 910 1616 et
941 1552 1083 1616 dotorem
1112 1551 1319 1615 coniunctum

153 1669 220 1712 esse
242 1648 334 1712 dicit:
517 1728 521 1736 ¹

187 1753 330 1822 Hippolyt.
349 1752 448 1822 84'lsq.

351 1839 467 1914 calep:
494 1843 520 1893 τί
539 1835 627 1907 τοῦθ’,
647 1833 662 1891 ὃ
680 1835 713 1909 δὴ
732 1823 862 1908 leporem
881 1835 1047 1909 ἀνθρώπους
1065 1833 1146 1907 έρτῖνς

354 1928 452 1998 Treoua:
473 1913 634 1998 ἥδιστον,“ὦ
649 1932 709 1989 παῖ,
728 1920 832 1979 rueledo
851 1922 985 1994 έλγεινόν
1004 1918 1034 1974 θ’
1052 1916 1118 1993 ἅμα.

189 2019 311 2090 Euripid.
331 2020 408 2074 Aeoli
427 2020 479 2090 frg.
499 2020 540 2081 26,
560 2018 594 2073 N.
612 2039 639 2090 p.
659 2019 710 2072 370

349 2105 383 2181 τῇ
400 2103 419 2158 d
423 2102 431 2121 ³
448 2103 587 2180 Ἀφροδίτῃ
604 2100 680 2158 nult?
698 2104 789 2158 ἔνεστι
809 2105 931 2157 ποικίλα·

351 2191 448 2262 τέρπει
468 2211 499 2245 τε
519 2187 575 2262 γὰρ
593 2186 715 2263 μάλιστα
734 2193 781 2244 καί
799 2193 884 2244 λυπεῖ
898 2189 1020 2263 βροτούς.
1053 2230 1056 2232 ψ

158 2297 222 2361 Nec
250 2317 314 2360 non
347 2296 505 2378 praebent
527 2297 611 2360 hanc
632 2297 824 2360 sententiam
856 2296 968 2360 cornici
991 2296 1178 2360 Atticorum
1199 2300 1323 2377 poetae,

158 2417 240 2478 quos
273 2396 482 2460 Alexandrini
514 2416 586 2459 cum
620 2396 834 2460 imitatoribus
866 2396 931 2460 suis
963 2396 1063 2459 secuti
1093 2399 1176 2458 sunt.
1231 2395 1324 2472 Quod

158 2497 287 2579 quidem
310 2496 431 2578 liquido
453 2501 651 2583 apparet-ex
673 2497 721 2560 his
743 2497 820 2560 locis
842 2498 924 2561 inter
945 2517 978 2561 se
1001 2497 1215 2578 comparatis:

194 2602 285 2657 Plauti
303 2601 405 2656 disten.
424 2602 457 2655 69
466 2608 521 2670 eq(
939 2605 942 2611 ’
1032 2604 1034 2606 ’

354 2704 473 2755 namque
491 2689 595 2742 ecastor
614 2687 699 2739 Amor
718 2688 747 2740 et
764 2687 845 2739 melle
864 2688 892 2739 et
912 2684 975 2738 felle
993 2683 1207 2745 fecundissimus,

351 2773 444 2843 gustui
463 2773 512 2827 dat
530 2773 616 2836 dulce,
635 2791 761 2826 amarum
779 2772 813 2826 ad
832 2771 989 2826 sotietatem
1008 2787 1091 2839 usque
1110 2767 1226 2839 oggerit.

198 2879 288 2931 Plaut.
309 2877 433 2932 Pseudol.
454 2878 486 2931 63

359 2965 436 3018 dulce
454 2978 633 3030 amarumque
652 2977 725 3013 nunc
746 2958 841 3012 misces
861 2958 937 3012 mihi.

200 3059 281 3112 Plaut
309 3049 430 3108 Pseudol.
449 3051 499 3103 694
510 3067 549 3117 sq.

359 3135 450 3191 dulcia
468 3139 552 3204 utque
572 3152 667 3188 amara
685 3131 758 3202 apud
777 3134 805 3184 te
824 3149 883 3184 sum
904 3131 1027 3183 elocutus
1046 3129 1153 3183 omnia:
1211 3176 1213 3178 ,

311 3237 314 3242 ’
362 3222 413 3277 scis
432 3239 561 3290 amorem,
581 3220 631 3274 scis
651 3220 779 3281 laborem,
799 3216 849 3271 scis
868 3219 1022 3286 egestatem·
1037 3233 1135 3272 meam.
1188 3241 1190 3245 ¹

203 3312 294 3366 Plaut.
313 3310 388 3363 Trin.
408 3311 458 3362 257
469 3326 527 3376 sqq.
916 3347 918 3349 ,

365 3412 453 3464 apage
473 3397 509 3456 te,
528 3394 621 3452 Amor.
641 3407 696 3444 non
715 3389 814 3459 places,
832 3386 870 3438 nil
890 3387 918 3439 te
936 3386 1006 3438 utor.

365 3498 534 3550 quamquam
554 3477 621 3531 illud
640 3475 784 3536 aridulae,
804 3489 859 3527 esse
878 3474 906 3525 et
926 3469 1026 3530 bibere.

369 3570 453 3620 Amor
471 3583 567 3620 amara
584 3565 634 3618 dat
652 3565 754 3622 tamen,
772 3557 838 3612 satie
854 3557 928 3626 quod
946 3574 1028 3626 aegre
1045 3555 1089 3609 sit.

172 3673 240 3735 lam
264 3692 341 3736 vero
369 3669 659 3753 pervestigantibus
688 3665 780 3729 nobis
811 3663 967 3743 elegiacos
988 3660 1211 3724 Romanorum
1233 3663 1346 3739 poetas

174 3793 208 3836 se
228 3773 384 3836 offerunt:

209 3871 308 3925 'l'ibull
328 3871 339 3922 l
359 3873 383 3933 6,
395 3873 406 3924 l
419 3884 458 3935 sq.

372 3971 486 4024 semper,
505 3954 537 4006 ut
555 3951 677 4015 inducar,
698 3947 811 4000 blandos
830 3945 908 3997 offers
926 3941 995 3995 mihi
1014 3942 1110 3998 voltus.

372 4043 435 4111 post
453 4042 547 4094 tamen
566 4053 594 4089 ee
612 4034 709 4088 misero
731 4032 816 4086 tristis
834 4032 863 4084 ct
882 4045 967 4097 asper,
988 4030 1079 4080 Amor.
