2946 4734
706 211 748 276 65

154 388 220 453 nisi
258 409 343 473 quae
380 386 423 453 ad
460 389 696 479 argumentum
728 408 849 476 parum
886 387 1091 472 pertineant,
1134 409 1301 474 personae

153 491 268 580 aliquo
299 492 397 559 modo
428 496 604 559 mutentur
616 492 648 576 ¹).
705 489 823 572 Quam·
847 491 954 576 legem
989 494 1098 558 totam
1132 492 1301 560 contineri

152 598 190 663 in
221 598 297 684 lege
331 598 372 664 de
404 598 553 664 veritate
588 597 671 663 data
701 596 807 679 vides,
842 597 893 663 ita
925 599 965 663 ut
996 596 1149 663 dubitari
1179 598 1297 684 possit,

152 727 231 769 num
250 703 381 769 omnino
398 702 507 790 legem
530 702 703 789 propriam
726 723 765 768 ac
788 724 910 769 novam
932 702 1109 770 debeamus
1133 707 1297 770 statuere.

152 810 280 876 Tamen
303 808 488 897 separatim
509 807 593 874 haec
615 807 656 873 de
680 807 868 874 mutatione
891 807 946 874 lex
962 812 1135 874 tractetur
1151 811 1298 896 oportet,

151 920 274 1001 utpote
297 936 364 1001 qua
386 913 475 981 iuste
508 912 718 1000 compleatur
751 912 791 978 de
819 912 1013 979 constantia
1043 912 1107 994 lex,
1142 935 1241 1001 quam
1264 918 1299 980 et

152 1021 260 1107 ipsam
294 1041 494 1106 quamquam
527 1017 772 1085 concedendum
807 1025 861 1084 est
898 1018 933 1083 in
964 1018 1040 1104 lege
1073 1018 1114 1085 de
1148 1020 1299 1086 veritate

152 1125 236 1192 data
260 1123 437 1206 contineri,
469 1124 512 1190 ab
537 1145 577 1189 ea
606 1124 829 1211 separandam
855 1135 890 1189 et
914 1123 1054 1211 proprie
1084 1124 1298 1191 tractandam

151 1254 227 1297 esse
258 1230 411 1296 vidimus.
459 1230 730 1297 Consentaneum
761 1233 875 1296 autem
906 1233 959 1295 est
982 1228 1081 1294 huius
1111 1229 1222 1316 partis
1244 1251 1297 1295 ra-

153 1336 281 1401 tionem
304 1335 404 1422 plane
429 1334 567 1401 eandem
591 1357 663 1402 esse
686 1357 725 1400 ac
747 1334 789 1400 de
813 1334 1007 1400 constantia
1030 1334 1150 1420 partie.

240 1440 504 1507 Praemittamus
534 1439 697 1505 nonnulla
728 1435 855 1506 scholia
885 1462 956 1506 rem
978 1439 1085 1528 ipsam
1116 1439 1298 1524 probantia

150 1549 255 1633 atque
285 1545 516 1611 illustrantia:
548 1545 614 1612 An.
648 1546 754 1610 lano
787 1567 892 1626 ,nemo
924 1545 959 1610 in
990 1544 1134 1611 diversis
1165 1545 1295 1611 actibus

152 1673 286 1739 semper
315 1650 402 1717 lenis
425 1654 480 1717 est
501 1650 568 1716 nisi
590 1650 682 1715 forte
704 1650 803 1716 fictus
833 1648 1052 1716 assimulator
1075 1659 1111 1716 et
1132 1649 1296 1732 callidus‘,

150 1755 211 1821 Ph.
225 1757 333 1820 2312
352 1755 517 1842 (ostendit
540 1755 654 1842 poeta)
676 1754 812 1837 ,nullam
836 1777 911 1821 esse
933 1758 1003 1820 tam
1027 1756 1153 1820 iustam
1168 1759 1204 1821 et
1218 1777 1296 1842 gra·

151 1885 227 1928 vom
249 1860 457 1945 iracundiam
481 1861 600 1947 patris,
634 1882 719 1948 quae
750 1883 817 1925 non
840 1864 877 1926 et
899 1860 1021 1926 fiducia
1049 1860 1237 1927 defensoris
1261 1865 1297 1928 et

148 1967 333 2033 intervallo
357 1967 518 2053 temporis
534 1971 735 2047 evanescat‘,
758 1965 824 2030 Ad.
838 1966 901 2030 535
919 1988 1023 2042 ,nemo
1040 1976 1110 2031 tam
1125 1987 1226 2052 asper
1243 1971 1298 2034 est

150 2076 260 2158 pater,
285 2073 343 2159 qui
364 2095 431 2138 non
455 2072 572 2138 statim
595 2070 753 2137 mitescat
776 2070 915 2137 laudato
937 2070 1028 2150 filic‘,
1053 2071 1110 2136 Or.
1135 2071 1199 2136 392
1223 2074 1295 2156 ἤτοι

149 2177 199 2242 ὅτι
232 2189 436 2262 μετανοεῖ
468 2177 596 2241 ἀνελὼν
628 2175 741 2260 αὐτὴν,
772 2180 983 2257 ταλαίπωρόν
1015 2196 1138 2260 φησιν·
1163 2179 1203 2242 οὐ
1231 2179 1294 2260 γὰρ

148 2286 214 2364 πρὸ
237 2283 386 2366 πράξεως
408 2281 462 2346 καὶ
485 2284 565 2366 μετὰ
580 2283 641 2364 τὴν
664 2283 784 2369 πρᾶξιν
808 2283 842 2346 οἱ
855 2281 949 2348 αὐτοὶ
971 2283 1189 2365 τυγχάνομεν.
1221 2281 1294 2363 Quo

147 2387 183 2451 in
207 2386 340 2453 Orestis
374 2387 499 2453 scholio
531 2408 645 2453 vocem
680 2398 854 2471 μετανοεῖν
885 2387 1082 2462 invenimus,
1118 2389 1208 2473 quod
1239 2389 1294 2454 vel

147 2492 241 2557 cuius
267 2491 389 2558 similia
412 2495 551 2559 exstant
573 2491 608 2556 in
631 2491 682 2557 his
707 2490 860 2557 scholiis:
884 2491 1047 2558 Androm.
1065 2494 1120 2558 ὑπ.
1138 2493 1294 2577 Ἑρμιόνη

148 2601 426 2680 μετενόησεν,
451 2600 676 2681 εὐλαβηθεῖσα
693 2598 753 2679 τὴν
769 2602 958 2679 παρουσίαν
973 2609 1032 2662 τοῦ
1045 2599 1293 2682 Νεοπτολέμου,

149 2701 203 2765 Ai.
228 2703 292 2767 815
322 2714 392 2779 τοῖς
421 2715 628 2783 καοτεοικοῖς
656 2701 710 2767 καὶ
746 2702 829 2779 ἅπαξ
859 2707 991 2782 κρίνασι
1025 2709 1105 2787 περί
1131 2729 1222 2780 τινος
1252 2707 1292 2769 οὐ

150 2811 277 2887 γίνεται
301 2807 448 2890 ἀναβολὴ
473 2805 551 2871 οὐδὲ
575 2809 798 2890 μετάνοια,
822 2806 1133 2890 Med.1048,1013,
1157 2807 1212 2872 Αἰ.
1229 2809 1292 2872 646

148 2920 246 2977 τοῦτο
279 2911 319 2976 δέ
349 2931 454 2994 φησιν
484 2912 529 2987 ὡς
561 2912 937 2996 μεταβεβλημένος
973 2913 1052 2978 ἀπὸ
1086 2925 1167 2978 τῶν
1200 2936 1291 2996 προ-

148 3015 282 3099 τέρων
305 3019 547 3101 νοημάτων,
570 3016 657 3083 Don.
683 3021 747 3082 An.
771 3018 879 3081 4441
904 3023 1057 3105 ,apparet
1080 3018 1291 3105 Pamphilum

148 3120 425 3187 voluntatem
447 3124 807 3210 propositumque
829 3124 1090 3207 mutavisse‘,
1107 3123 1291 3190 An.545.3
1371 3135 1373 3138 ⁴

149 3247 225 3305 ,non
255 3248 442 3312 persona
474 3228 533 3293 sed
557 3229 607 3294 rei
631 3228 779 3295 condicio
814 3233 1077 3296 commutata
1109 3235 1195 3310 est‘,
1230 3230 1290 3295 Ph.

148 3333 255 3416 praef.
280 3330 317 3396 Π
351 3337 528 3413 ,mutato
562 3334 772 3416 consilio‘,
806 3335 891 3401 Eun.
917 3337 1020 3400 786.1
1055 3359 1129 3416 ,non
1162 3335 1290 3401 diceret

148 3434 253 3517 miles,
278 3436 306 3501 si
330 3440 479 3503 staret
500 3437 542 3502 iu
566 3439 816 3505 sententia.
841 3441 899 3506 sed
923 3439 988 3506 iam
1007 3440 1143 3509 videtur
1167 3441 1290 3508 timore

147 3543 361 3622 mutatus‘,
396 3543 462 3608 Ad.
487 3543 560 3609 380.
574 3545 603 3624 3,
639 3545 712 3609 924.
726 3547 756 3626 4,
792 3546 865 3610 986.
880 3547 909 3627 3,
945 3546 1009 3612 992
1044 3545 1107 3627 ,hic
1141 3547 1290 3612 ostendit

149 3645 225 3712 Ter.
257 3649 365 3733 magis
397 3647 557 3714 Demeam
589 3649 765 3716 simulasse
796 3654 989 3717 mutatos
1021 3674 1158 3716 mores
1191 3675 1290 3738 quam

146 3753 352 3835 mutavisse‘,
383 3754 485 3820 8831
523 3753 619 3835 ,dura
652 3758 688 3820 et
719 3756 914 3843 importuna
946 3761 1086 3842 repente
1120 3779 1289 3821 commu·

147 3854 263 3921 tatio
303 3879 344 3921 ex
378 3861 476 3923 tanta
509 3858 762 3946 vituperatione
796 3860 831 3925 in
865 3859 997 3925 laudem
1021 3859 1103 3944 Syri
1137 3860 1289 3925 ostendit

149 3964 269 4027 contra
299 3966 455 4028 naturam
478 3985 572 4028 suam
600 3964 666 4030 niti
689 3965 868 4030 Demeam‘.
916 3965 956 4028 In
985 3964 1034 4028 his
1057 3950 1288 4049 Adelphorum

239 4120 265 4188 1)
284 4122 328 4172 An
347 4121 455 4172 omnino
474 4121 602 4174 contendi
621 4122 710 4189 possit
729 4132 838 4175 exstare
858 4137 948 4175 veram
967 4128 1016 4173 τοῦ
1034 4118 1139 4186 τρόπον
1163 4121 1289 4175 mutatio-

146 4224 207 4263 nem
225 4216 436 4264 cousentaneum
456 4217 497 4264 est
516 4211 560 4263 hic
580 4227 633 4264 non
652 4211 810 4280 diligentius
830 4227 879 4264 uos
898 4211 1043 4277 inquirere,
1063 4210 1135 4277 quod
1154 4209 1189 4263 ad
1202 4210 1289 4278 philo-

146 4298 278 4367 sophiam,
300 4315 355 4352 non
374 4297 409 4353 ad
429 4299 636 4368 ethographiam
655 4300 784 4369 pertinet.

1044 4393 1059 4441 5
