2946 4734
632 384 836 450 „70-

147 568 208 631 Sed
231 558 282 629 viii
306 565 582 646 operaepretium
603 566 644 629 sit
657 584 769 628 ornnes
791 565 861 629 illas
876 566 1035 647 querellas
1050 566 1103 630 hic
1126 565 1316 637 adscribere,

147 667 266 743 videas
288 665 314 728 si
338 665 462 745 placet:
482 666 588 729 Plaul.
612 666 700 730 Asin.
718 667 774 730 167
786 685 833 746 sq.
855 666 943 729 Trin.
958 666 1075 747 nddsq.
1098 665 1229 730 Trucul.
1242 666 1317 741 sun

146 768 273 830 Terent.
291 765 407 828 Heaut.
427 764 505 839 934;
529 765 599 829 Tib.
619 766 631 828 l
653 766 683 841 4,
698 766 737 828 57
758 786 804 846 sq.
829 766 899 829 Tib.
915 767 927 829 Ι
945 768 974 843 8,
992 767 1048 845 99;
1069 766 1142 830 Tib.
1154 767 1167 829 l
1179 769 1208 842 9,
1225 768 1261 831 17
1273 787 1316 848 sq.

147 865 372 946 Tib.113‚49;
395 864 466 927 Tib.
491 865 515 927 ll
534 866 563 942 4,
579 867 635 941 14;
658 864 750 928 Ovid.
770 866 896 929 amorl
915 869 960 943 10,
972 867 1013 930 47
1024 886 1071 949 sq.
1095 867 1319 944 arnor.1118,l

148 971 180 1032 et
204 969 262 1039 303
295 965 417 1028 heroid.
441 965 568 1041 V144;
599 971 658 1029 art.
682 967 720 1029 lll
747 967 807 1028 552
829 971 858 1030 ei
883 968 960 1038 653;
984 967 1023 1030 al.
1067 967 1195 1031 Paucas
1226 967 1319 1030 modo

148 1066 365 1149 querimonias
398 1064 438 1127 de
472 1064 571 1128 nimio
603 1066 795 1130 feminarum
827 1067 914 1130 cultu
958 1071 990 1130 et
1021 1064 1151 1131 luxuria
1178 1068 1319 1149 prolatas

151 1184 331 1248 apponam:

185 1264 273 1318 Plaut.
292 1261 371 1332 Epld¹
391 1261 490 1329 225⁸q‘
661 1329 728 1398 quid
747 1329 816 1384 istuc
835 1333 893 1384 tam
914 1329 1038 1385 mirabile
1057 1332 1120 1385 est?

272 1417 348 1487 quasi
367 1434 423 1470 non
441 1418 532 1472 fundis
551 1421 699 1473 exornatae
718 1416 822 1471 multae
842 1417 1015 1472 incedant
1032 1436 1081 1487 per
1098 1417 1166 1473 vias.

183 1506 264 1574 Prop.
284 1503 325 1556 Ill
346 1505 386 1567 12,
400 1505 429 1557 ll
442 1522 481 1573 sq.

272 1591 400 1643 matrona
418 1589 559 1645 incedit
579 1587 664 1642 censis
683 1587 781 1654 induta
799 1590 932 1656 nepotum

322 1680 350 1730 et
369 1676 456 1745 spolia
475 1674 614 1745 opprobrii
633 1676 728 1727 nostra
745 1691 794 1742 per
812 1691 860 1727 ora
880 1673 974 1728 trahit.

151 1768 264 1847 ltaque
297 1763 467 1827 avaritiam
501 1767 532 1826 et
565 1781 693 1837 aurum,
734 1761 877 1824 omnium
912 1762 1070 1825 malorum
1100 1766 1133 1825 et
1164 1763 1317 1827 scelerum

153 1884 302 1942 causam,
336 1884 463 1947 sernper
487 1863 642 1927 exsecrari
666 1862 777 1924 solent.
821 1861 921 1926 Multa
942 1863 1123 1943 fragmenta
1142 1863 1269 1928 mediae
1290 1869 1317 1927 el

150 1983 254 2027 novae
280 1964 466 2027 comoediae
489 1962 608 2027 dehac
631 1981 665 2023 re
688 1966 798 2041 agunt,
821 1982 959 2042 quorum
981 1963 1062 2026 haec
1084 1962 1279 2044 perlustres:

184 2061 290 2132 Diphili
308 2063 361 2131 frg.
380 2062 423 2131 94,
441 2061 475 2115 K.
495 2061 520 2112 ll
540 2079 566 2130 p.
586 2059 636 2112 572

347 2146 371 2200 ei
389 2143 429 2218 μὴ
449 2143 479 2198 τὸ
499 2149 594 2215 λαβεῖν
613 2132 653 2216 ἦν,
674 2142 736 2196 οὐδὲ
756 2136 795 2202 εἷς
813 2138 935 2215 πονηρὸς
954 2128 996 2213 ἦν.

345 2235 518 2306 φιλαργυρία
539 2232 609 2285 τοῦτ’
629 2231 713 2293 ἔστιν,
732 2224 801 2282 ὅταν
821 2231 901 2297 ἀφεὶς
919 2235 1035 2282 σκοπεῖν

347 2316 380 2372 τὰ
400 2318 494 2371 δίκαια
515 2317 564 2372 τοῦ
583 2312 698 2389 κέρδους
714 2312 760 2369 διὰ
779 2311 884 2375 παντὸς
903 2314 999 2376 δοῦλος
1018 2302 1058 2391 ᾖς.

185 2404 327 2459 Menandri
347 2406 399 2475 frg.
420 2405 479 2472 309,
499 2405 531 2459 K.
552 2405 578 2457 Il
597 2423 623 2473 p.
642 2403 676 2457 88

612 2484 687 2549 ὅστις
706 2482 804 2560 ὑπέχει
820 2489 922 2560 χρυσίῳ

347 2572 397 2646 τὴν
413 2583 504 2649 χεῖρα,
524 2571 577 2628 κᾶν
595 2571 634 2647 μὴ
654 2575 701 2649 φῇ,
720 2571 830 2645 πονηρὰ
849 2568 988 2643 βούλεται.

187 2662 347 2731 Apollodori
367 2663 445 2717 Geloi
463 2663 516 2733 frg.
536 2669 560 2727 4,
581 2663 610 2715 Κ.
631 2664 654 2715 ll
674 2681 700 2731 p.
721 2661 771 2715 280

349 2744 414 2800 ἀλλὰ
435 2742 532 2820 σχεδόν
552 2767 577 2800 τι
598 2745 627 2799 τὸ
648 2741 804 2813 κεφάλαιον
824 2747 877 2799 τῶν
896 2745 989 2798 κακῶν

346 2834 467 2906 εἴρηκας.
498 2836 529 2886 ἐν
547 2835 715 2904 φιλαργυρίᾳ
734 2829 789 2903 γὰρ
808 2827 888 2884 πάντ’
909 2833 959 2885 ἔνι.

151 2915 244 2979 Adde
276 2919 470 3004 Antiphanis
499 2922 556 3002 irg.
588 2922 665 2997 950,
695 2922 732 2984 K.
753 2921 778 2983 ll
807 2941 837 3001 p.
863 2922 935 2995 119;
966 2920 1134 2984 Menandri
1164 2924 1223 3006 irg.
1252 2926 1318 3002 393,

150 3015 187 3077 Κ.
210 3016 249 3079 [fl
279 3039 309 3098 p.
334 3021 391 3099 933
421 3020 589 3083 Menandri
610 3020 665 3100 ing.
689 3021 759 3096 557,
790 3021 827 3083 Κ.
846 3020 885 3083 lll
907 3041 937 3101 p.
961 3020 1034 3095 1703
1066 3021 1235 3087 Menandri
1264 3025 1318 3105 ing.

151 3115 220 3191 arr,
244 3117 281 3179 n.
303 3118 342 3182 ni
363 3140 393 3200 p.
418 3119 487 3182 aaa.

233 3216 352 3279 Eodem
372 3218 437 3281 fere
453 3218 549 3281 inodo
568 3219 699 3298 elegiaci
717 3219 940 3303 Romanorum
959 3222 1073 3299 poetae
1087 3220 1128 3283 de
1142 3224 1319 3303 perniciosa

152 3313 182 3374 vi
203 3315 359 3380 avaritiae
377 3321 409 3380 ei
432 3318 501 3381 auri
524 3319 715 3399 loquuntur:

187 3412 286 3467 Tibull.
308 3414 332 3465 ll
350 3414 373 3478 3,
386 3415 419 3468 36
429 3433 467 3484 sq.

402 3502 505 3570 praeda
523 3505 619 3556 tamen
639 3500 732 3552 multis
751 3502 790 3552 est
810 3502 924 3568 operata
942 3498 1028 3553 malis.

348 3586 450 3654 praeda
469 3586 539 3641 feras
559 3587 629 3641 acies
648 3585 734 3639 cinxit
753 3584 920 3638 discordibus
939 3585 1030 3654 annis,

397 3673 461 3726 hinc
480 3691 568 3733 cruor,
589 3673 653 3726 hinc
672 3672 765 3726 caedes
785 3689 857 3724 mors
876 3672 1041 3741 propiorque
1059 3672 1143 3727 venit.

188 3753 287 3818 leuss’
308 3758 317 3808 Ι
339 3758 403 3826 1⁰³5
417 3777 455 3826 sq'
645 3841 696 3878 nos
716 3825 750 3878 ad
770 3825 843 3877 mala
861 3826 955 3877 nostra

404 3913 543 3975 vertimus,
563 3913 592 3965 in
614 3931 706 3967 saevas
725 3911 798 3979 qnod
817 3911 893 3964 dedit
911 3910 955 3964 ille
974 3911 1051 3964 feras.

347 4000 440 4053 divitis
460 4001 511 4054 hcc
531 4001 654 4054 vitiumst
674 4000 741 4054 auri.

187 4084 267 4153 Prop.
289 4087 323 4138 lll
345 4088 368 4153 7,
382 4088 393 4138 l
407 4106 447 4155 sq.

401 4189 466 4241 ergo
485 4171 622 4224 sollicitae
639 4175 669 4223 tu
688 4186 775 4230 causa,
796 4168 920 4236 pecunia,
941 4168 1014 4222 vitae
1031 4186 1067 4232 es,

455 4277 503 4328 per
524 4263 552 4312 te
573 4258 750 4310 immaturum
771 4256 866 4308 mortis
885 4254 990 4308 adimus
1009 4254 1070 4309 iter.
