2946 4734
632 462 835 524 ,38-

148 641 231 704 Tum
254 658 363 704 senem
387 640 551 701 amantem
576 638 726 702 miserum
757 643 788 703 et
811 641 1076 705 contumeliosum
1100 660 1170 705 esse
1192 640 1316 722 saepius

149 739 298 820 legimus:

183 844 329 900 Menandri
347 845 400 913 frg.
422 842 480 910 509,
498 842 531 895 K.
551 844 588 895 III
600 862 627 912 p.
640 843 690 897 146

344 925 394 982 οὒκ
413 923 448 980 riv
466 923 572 997 γένοιτ’
590 925 709 1002 ἐρῶντος
728 928 921 1004 ἅνθλιώτερον

345 1010 426 1068 oridia
444 1016 575 1084 γέροντος
592 1011 664 1087 πλὴν
684 1016 779 1089 ἕτερος
797 1021 886 1092 γέρων
905 1017 988 1091 ἐρῶν·

345 1097 374 1161 ὃς
394 1095 449 1171 γὰρ
469 1095 621 1154 οἷπολαύειν
639 1100 758 1172 βούλεθ’,
778 1091 817 1157 οἷν
833 1102 1017 1161 ιῖπολείπεται

345 1182 391 1240 διὰ
412 1181 460 1238 τὸν
474 1188 585 1259 χρόνον,
603 1188 660 1248 πῶς
680 1176 760 1250 οὗτος
779 1189 831 1246 ou'x
851 1188 906 1246 ἔστ’
923 1190 1037 1258 ἄλλως

185 1285 272 1338 Plaut.
293 1281 419 1336 Bacchid.
440 1281 508 1334 1164

347 1371 405 1437 tun,
424 1369 506 1422 homo
523 1368 629 1438 putide,
648 1371 756 1422 amator
774 1369 843 1424 istac
861 1371 920 1427 fieri
937 1376 1029 1430 aetate
1047 1375 1153 1430 audes?

185 1462 262 1517 Ovid.
282 1479 367 1516 amor.
386 1463 397 1514 Ι
416 1462 469 1525 9,4

346 1550 426 1618 turpe
446 1564 527 1602 senex
545 1548 635 1612 miles,
654 1551 735 1617 turpe
754 1549 845 1603 senilis
863 1566 948 1607 amor.

187 1633 288 1689 Tibull.
307 1636 331 1688 lI
350 1634 466 1703 l,73sq.
779 1644 783 1651 '

535 1720 581 1774 hic
599 1719 704 1790 (Amor)
726 1720 815 1776 dicere
833 1721 912 1777 iussit

345 1807 429 1862 limen
448 1808 483 1862 ad
499 1805 588 1861 iratae
607 1805 690 1860 verba
707 1807 836 1877 pudenda
853 1825 953 1864 senem.

241 1912 414 1975 Hominem
444 1916 573 1989 autem,
601 1932 665 1994 qno
694 1913 794 1976 serius
824 1934 934 1978 amore
961 1915 1122 1997 capiatur,
1158 1938 1198 1982 eo
1225 1920 1322 2000 magis

154 2012 297 2093 torqueri
319 2031 393 2076 cum
415 2012 595 2076 Menandro
615 2012 800 2094 Propertius
822 2018 854 2076 et
874 2013 1007 2078 Ovidius
1029 2017 1246 2082 contendunt:

189 2120 242 2186 frg.
259 2117 414 2186 235,6sqq.
434 2117 459 2169 K
485 2118 521 2169 ΠΙ
539 2136 566 2187 p.
587 2116 621 2170 68

630 2200 705 2263 ὅσοις
725 2203 780 2275 μὲν
798 2191 848 2257 οὖν
866 2208 959 2276 πρᾴως
977 2204 1046 2279 ἔχει,

350 2291 424 2350 νέοις
443 2287 482 2344 ἔτ’
501 2276 561 2344 odat
583 2289 664 2343 τοῦτο
683 2292 852 2361 προστάττει
869 2299 977 2346 ποιεῖν·

351 2371 415 2429 ov'd’
433 2376 475 2436 εἰς
492 2372 523 2430 τὸ
542 2376 631 2449 γῆρας
651 2373 787 2446 ιῖνοιβολὰς
806 2380 972 2450 ποιούμενοι

350 2449 428 2516 οὗτοι
446 2467 680 2535 προςαποτίνουσι
701 2465 748 2517 τοῦ
762 2461 867 2536 χρόνον
887 2467 990 2525 τόκους.

191 2557 272 2626 Prop.
291 2559 302 2609 Ι
322 2559 345 2624 7,
356 2557 390 2610 26

350 2660 431 2713 saepe
450 2643 526 2698 venit
543 2659 645 2712 magno
664 2643 758 2696 fenore
776 2641 870 2696 tardus
888 2657 974 2696 amor.

192 2735 270 2789 Ovid.
289 2735 393 2790 heroid.
413 2737 448 2788 IV
472 2736 501 2788 19

91 2835 94 2839 ’
354 2821 430 2876 venit
448 2838 526 2875 amor
544 2819 672 2890 gravius,
700 2836 755 2887 quo
774 2819 867 2873 serius.

159 2927 263 2990 Etiam
285 2927 318 2989 in
338 2927 430 2990 Pauli
451 2926 624 2990 Silentiarii
645 2925 878 3007 epigrammate
901 2923 1003 2988 V234
1025 2943 1123 2988 senex
1146 2924 1323 2989 semicanus

160 3027 292 3089 Veneris
322 3026 431 3106 iugum
462 3026 646 3107 supplicans
668 3025 800 3105 accipit,
824 3023 874 3087 cui
895 3043 986 3087 amor
1013 3027 1111 3088 antea
1131 3026 1324 3107 pepercerat

196 3150 221 3184 v.
240 3131 304 3199 3sq.

356 3219 516 3288 γυιοβάροις
534 3215 675 3285 βελέεσσιν
693 3209 846 3284 ἆνὲμβοτος
866 3206 880 3264 ὃ
899 3213 965 3283 πρίν
983 3206 1107 3284 Ἐρώτων

408 3299 509 3374 αὐχένα
529 3303 571 3354 σοὶ
590 3302 680 3365 κλίνω,
703 3299 808 3370 Κύπρι,
826 3300 1014 3370 μεσοιπόλιος.

246 3391 307 3453 Sed
331 3392 410 3453 haec
435 3390 562 3471 quidem
578 3389 744 3468 haetenus,
766 3388 918 3469 sequitur,
942 3390 976 3450 ut
993 3404 1213 3468 exponam,
1235 3403 1326 3468 quo·

164 3490 278 3553 modo
302 3490 493 3553 homines
517 3489 598 3564 illi,
623 3489 669 3551 de
690 3487 1028 3569 quibusegimuS,
1052 3482 1327 3550 amorecorri·

164 3591 338 3670 piantur.
395 3589 499 3666 Quam
541 3590 582 3651 ob
619 3608 686 3651 rem
725 3588 932 3667 inspiciamus
968 3586 1108 3668 primum
1140 3582 1329 3649 Philemonis

164 3691 221 3768 frg.
248 3690 316 3764 138,
338 3689 377 3751 K.
399 3689 426 3751 ll
448 3710 477 3769 p.
503 3689 581 3764 520,
612 3688 698 3768 quod
723 3687 840 3750 amoris
862 3686 989 3749 initium
1010 3685 1056 3749 ita
1077 3682 1245 3749 describit:

362 3780 445 3858 ὁρῶσι
462 3789 565 3844 πάντες
583 3786 700 3857 πρῶτον,
720 3782 767 3838 εἶτ’
788 3782 960 3855 ἐθαύμασαν,

365 3873 451 3926 ἔπειτ’
474 3871 680 3945 ἐπεθεώρησαν,
700 3869 741 3925 εἶτ
763 3872 804 3932 εἰς
822 3869 918 3924 ἐλπίδα

362 3956 503 4012 ἐνέπεσον.
534 3952 604 4011 οὕτω
623 3953 712 4027 γίνετ’
730 3955 761 4010 ἐκ
780 3961 883 4010 τούτων
903 3958 978 4029 ἔρως.

169 4065 365 4144 Congruenti
419 4070 527 4128 autem
577 4064 701 4126 ratione
757 4065 844 4145 apud
895 4065 1127 4141 Menandrum,
1176 4065 1331 4138 Plautum,

172 4165 349 4246 Turpilium
374 4166 523 4241 iuvenes,
557 4164 612 4226 ubi
644 4164 784 4244 primum
815 4165 982 4244 pulchram
1013 4164 1152 4245 puellam
1181 4165 1333 4235 viderunt

169 4265 386 4328 admiratione
409 4264 499 4345 capti
521 4263 630 4326 statim
653 4282 764 4325 amare
786 4263 958 4344 incipiunt:
