2946 4734
617 259 835 337 -35-

142 458 185 511 ni.
201 458 255 532 qu.
269 454 354 512 sent.
369 470 436 512 non
449 448 585 512 silentio
597 450 880 534 praetereundum
895 457 956 533 est,
975 452 1062 536 apud
1077 451 1311 538 Harpocratio-

142 586 218 627 nem
240 564 261 627 i.
283 586 316 629 v.
336 554 500 647 Ἀντιφῶν
521 565 592 628 cod.
614 565 643 628 F
666 567 693 645 tp
714 588 774 650 pro
790 567 815 632 ἶ
831 567 1001 649 praebere,
1029 590 1104 631 cum
1131 569 1219 653 apud
1244 571 1310 634 Fa-

140 680 296 744 vorinum
317 680 353 744 in
377 680 491 774 eadem
517 702 599 744 voce
616 672 742 767 δυόδεκα
759 682 828 764 legi
845 681 985 766 dicatur,
1011 684 1100 768 quod
1117 699 1311 770 corruptum

141 818 213 859 esse
229 796 336 860 Meiar
352 797 493 860 fortasse
510 804 601 859 recte
617 819 813 881 persuasum
832 798 942 862 habet.
980 800 1056 863 Huc
1072 823 1152 865 vero
1169 802 1309 885 accedit,

139 911 229 995 quod
253 920 387 996 praeter
410 913 545 976 tabulae
569 920 703 977 nostrae
720 914 933 978 Monacensis
959 915 1107 979 indicem
1132 916 1309 982 duodecim

138 1019 282 1111 ῥηῑόρων
306 1029 538 1113 Hermogenes
563 1026 726 1113 quoque¹)
751 1029 928 1094 duodecim
954 1039 1101 1096 oratores
1124 1040 1308 1098 enumerat.

137 1144 271 1207 Deinde
300 1168 319 1207 a
347 1145 462 1209 multis
502 1144 722 1230 scriptoribus
762 1147 911 1230 antiquis
952 1147 1149 1231 saepissime
1187 1170 1310 1233 paucos

138 1267 271 1324 tantum
295 1283 313 1323 e
337 1260 450 1324 decern
478 1262 665 1326 oratoribus
689 1261 867 1345 nominari,
893 1262 1015 1326 mirum
1041 1286 1110 1327 non
1135 1271 1194 1327 est.
1243 1263 1310 1327 Sed

135 1377 594 1461 posterioreByzantinorum
605 1385 715 1443 aetate
725 1379 759 1442 in
774 1378 962 1443 oratoribus
977 1400 1110 1463 quoque
1124 1377 1307 1462 elegendis¹

135 1501 174 1556 ut
198 1492 277 1557 alibi
301 1516 369 1558 non
392 1515 478 1576 raro,
501 1516 678 1559 numerum
696 1495 990 1579 quinquenarium,
1016 1495 1161 1577 decadis,
1185 1488 1309 1555 τελείου

136 1598 319 1691 ἀριθμοῦὲ),
331 1609 509 1673 dimidium
520 1610 711 1675 adhibitum
722 1633 794 1675 esse
802 1618 1088 1675 commemoretur.
1107 1612 1309 1695 Anonymus

77 1728 80 1732 ’
136 1725 226 1792 enim
261 1725 318 1789 ille
353 1719 431 1807 περὶ
471 1725 527 1787 νοῦ
566 1719 689 1787 τελείου
725 1718 852 1807 aspir)
887 1728 1133 1811 quinquenario
1167 1750 1308 1791 numero

136 1829 336 1926 compluries
360 1864 440 1906 usus
465 1852 524 1915 est,
550 1842 607 1906 sed
622 1843 763 1928 pentadi
787 1843 910 1906 nonin
934 1844 1134 1907 servitutem
1149 1865 1184 1906 se
1204 1822 1307 1926 dedit,

134 1979 210 2020 cum
245 1958 280 2038 (1.
297 1959 318 2022 1.
342 1981 375 2043 p.
392 1958 472 2035 574)
501 1947 586 2040 ὑπὲρ
622 1949 751 2031 πίννας
786 1951 928 2031 τελείους
965 1951 1157 2042 §propinaris
1193 1950 1308 2038 λόγους

134 2062 286 2155 ἀρίστους
306 2063 506 2155 ἀκρονοίτους
526 2066 602 2146 τοὺς
617 2069 808 2156 τέσσαρας
831 2063 953 2149 oiirocg,
979 2066 1035 2134 ν’ὁν
1051 2068 1128 2156 περὶ
1146 2065 1307 2157 ουεφᾶνου

134 2181 392 2273 Δημοσθενικόν,
423 2181 478 2249 τὸν
499 2182 759 2274 Παναθηναϊκὸν
782 2189 840 2251 τοῦ
864 2179 1077 2272 Ἁρισνείδου,
1102 2182 1158 2249 τὸν
1181 2181 1228 2262 είς
1251 2181 1308 2249 τὸν

131 2299 232 2384 ’μένον
271 2298 446 2366 Βασίλειον
484 2297 666 2389 ἕπινείφιον
705 2306 763 2366 τοῦ
804 2297 965 2386 θεολόγου
1012 2306 1047 2386 (i.
1085 2329 1112 2370 e.
1149 2306 1307 2388 Gregorii

109 2420 295 2504 theologi)
324 2415 380 2481 καί
408 2414 463 2482 τὸν
491 2421 549 2482 τοῦ
583 2418 708 2482 Ψελλοῦ
736 2414 783 2495 εἰς
811 2414 871 2504 τὴν
893 2416 1017 2506 μητέρα
1042 2421 1304 2485 commendaret.

133 2538 258 2605 Contra
281 2539 382 2623 apud
406 2539 604 2602 Romanos
634 2547 744 2602 certus
767 2547 936 2602 oratorum
961 2560 1081 2601 census
1119 2559 1303 2621 numquam

129 2655 205 2736 iuit,
243 2677 319 2718 cum
354 2654 412 2717 alii
448 2653 531 2718 alios
568 2677 585 2717 e
623 2655 787 2738 cuiusque
820 2654 963 2717 libidine
998 2664 1032 2716 et
1057 2653 1184 2716 iudicio
1208 2675 1304 2736 prae-

130 2770 356 2834 stantissimos
381 2776 591 2834 enumerent.
640 2769 736 2846 Quod
761 2769 907 2854 denique
924 2769 966 2832 ad
984 2771 1124 2832 atteram
1142 2768 1303 2831 decadem

131 2887 294 2949 Graecam
330 2886 483 2950 rhetores
518 2887 572 2949 vel
609 2885 778 2970 sophistas
813 2886 1011 2949 recentioris
1037 2886 1111 2948 aevi
1137 2883 1303 2966 complec-

131 3009 259 3066 tentem
284 3002 417 3085 attinet,
448 3001 626 3066 brevitatis
651 3022 732 3084 erga
757 3001 799 3064 ad
824 3001 1011 3064 Steffenum
1037 2999 1083 3083 (p.
1101 2998 1157 3079 51)
1181 3001 1300 3081 retem,

131 3120 254 3202 quippe
289 3118 347 3203 qui
382 3117 423 3180 de
458 3118 521 3181 hac
557 3140 592 3180 re
629 3116 785 3202 quamvis
818 3116 1032 3201 paucissimis
1067 3122 1181 3179 tamen
1216 3115 1299 3178 satis

130 3241 284 3298 accurate
309 3233 516 3297 disseruerit.

237 3349 416 3414 Oratorum
457 3371 619 3413 canonem
660 3350 695 3412 in
735 3348 802 3412 tab.
827 3349 864 3411 M
904 3347 1041 3412 decem
1077 3345 1303 3413 historicorum

131 3467 372 3550 scriptorum
397 3465 499 3530 index
517 3465 654 3550 excipit,
681 3465 831 3548 quicum
849 3464 916 3528 tab.
937 3463 962 3527 O
981 3460 999 3544 ξ
1016 3463 1098 3527 XIV
1116 3485 1304 3545 congruens

130 3582 249 3644 miram
285 3581 543 3665 dispositionem
578 3581 727 3664 praebet,
765 3602 864 3663 quam
902 3579 1031 3664 primus
1059 3579 1191 3642 Usener
1226 3579 1257 3654 (l.
1283 3579 1302 3641 1.

130 3720 160 3781 p.
177 3700 236 3761 131
253 3699 338 3780 sqq.)
362 3706 452 3760 recte
477 3695 695 3781 interpretari
721 3695 842 3778 coepit.
891 3695 995 3758 Cuius
1026 3694 1198 3756 sententia
1221 3693 1304 3756 haec

130 3933 170 3985 id.
194 3935 211 3985 i.
231 3951 255 3985 v.
276 3939 384 3991 Λυσίας
408 3931 456 4000 (εἷς
478 3933 530 3984 τῶν
553 3926 623 4004 μετὰ
643 3937 716 4003 Anu.
738 3932 805 3983 dean
825 3932 903 3999 ῥητ.);
933 3929 972 3982 id.
993 3931 1009 3980 i.
1031 3947 1054 3981 r.
1075 3923 1217 3998 Ὑπερίδης
1241 3927 1303 3987 (τῶν

130 4017 244 4093 πρώτων
262 4027 429 4093 κεκριμένων
449 4022 516 4073 δέκα
537 4019 606 4088 abab
626 4020 759 4073 Maxim.
780 4019 871 4071 Plan.
889 4018 991 4070 schol.
1012 4018 1043 4068 in
1064 4017 1103 4082 (11
1110 4018 1239 4084 crincg.)
1261 4017 1301 4068 Id.

130 4117 148 4163 t.
165 4100 244 4178 ped.
259 4111 337 4163 Walz
358 4110 427 4175 „ltu
441 4111 505 4164 (ir.“
520 4111 547 4162 V
561 4112 611 4163 5111
632 4105 712 4181 (μετὰ
731 4102 794 4166 τοὺς
813 4108 880 4159 de'ru
901 4101 973 4177 prin),
996 4138 1025 4143 -
1050 4109 1073 4164 i)
1094 4110 1154 4174 περὶ
1177 4104 1259 4156 ἰδεῶν
1272 4105 1302 4155 11

133 4203 161 4251 11
177 4200 217 4253 ed.
232 4199 374 4269 LSpengel
390 4199 459 4265 „Bb
472 4200 536 4253 (11.α
552 4199 582 4251 ΙΙ
596 4201 745 4252 tro—tlt.
766 4229 798 4236 —
818 4197 845 4259 ἓ)
865 4197 912 4248 cir.
929 4195 1046 4247 Brroska
1062 4212 1086 4262 p.
1100 4195 1132 4245 47
1149 4193 1211 4245 adn
1228 4196 1249 4245 1.
1269 4224 1301 4231 -

130 4292 156 4356 3)
175 4308 201 4358 p.
223 4292 253 4341 17
275 4289 337 4342 adn.
359 4292 381 4341 1.
530 4281 534 4285 ’

1141 4389 1172 4441 3*
