2946 4734
589 365 833 445 '-m-

147 557 299 619 imitatur.
313 554 334 633 ¹)
376 554 443 619 Nec
456 520 524 619 non
534 557 687 621 Martialis
703 561 802 624 verba
817 561 941 626 laudari
955 569 1098 645 possunt,
1115 584 1315 646 quamquam

147 677 210 720 uon
234 656 357 737 puellis,
377 656 434 719 sed
453 657 562 738 pneris
583 658 749 723 dicuntur:

181 762 318 816 Martialis
337 760 423 829 epigr.
443 761 466 814 ll
488 760 541 814 12'

292 864 349 902 esse
367 846 433 916 quid
452 846 504 901 hoc
523 847 621 911 dicam,
640 848 714 917 quod
732 849 806 903 olent
824 852 873 903 tua
891 849 968 904 basia
985 850 1128 919 myrrham

348 933 475 1002 quodque
493 932 546 986 tibi
565 936 606 986 est
624 952 764 1003 nunquam
783 951 839 988 nou
858 935 962 990 alienus
982 936 1070 990 odor?

292 1019 345 1073 hoc
362 1019 432 1073 mihi
449 1022 604 1090 suspectum
623 1023 672 1089 est,
689 1021 762 1089 quod
781 1022 835 1075 oles
853 1022 931 1090 bene,
950 1023 1086 1086 Postume,
1105 1041 1219 1094 semper,

344 1108 479 1166 Postume,
497 1123 553 1159 non
573 1105 643 1160 bene
660 1107 716 1162 olet
734 1108 782 1176 qui
801 1107 871 1162 bene
889 1125 995 1178 semper
1013 1093 1077 1163 olet.

182 1199 316 1254 Martialis
334 1199 372 1254 VI
390 1200 432 1267 55,
442 1200 460 1252 4
469 1217 524 1275 sq..

294 1286 368 1340 vides
386 1302 443 1348 nos,
463 1284 601 1346 coracino,
619 1283 660 1336 nil
678 1285 795 1338 olentes:
819 1356 822 1361 ι

292 1372 366 1426 malo
386 1370 557 1441 quambene
576 1375 648 1425 olere
667 1370 706 1423 nil
725 1370 808 1424 olere.

148 1462 319 1524 Praeterea
349 1460 447 1522 etiam
476 1459 621 1522 Tibullus
652 1462 683 1521 et
710 1458 924 1521 Philostratus
953 1464 1190 1540 unguentorum
1221 1482 1313 1527 usum

147 1582 205 1642 pro
227 1559 399 1624 senectutis
422 1557 539 1622 indicio
562 1558 692 1622 habeut.
735 1558 777 1656 Hi
801 1559 931 1640 quidem
953 1559 1014 1623 ita:

182 1665 283 1719 Tibull.
301 1666 311 1717 l
330 1665 354 1728 8,
364 1663 399 1716 42
408 1681 466 1732 sqq.

293 1754 352 1805 tum
372 1748 492 1803 studium
510 1748 649 1814 formaest,
667 1750 821 1802 comatum
839 1750 971 1811 mutatur,
990 1752 1021 1802 ut
1040 1765 1127 1802 annos

345 1835 497 1890 dissimulet
515 1833 596 1888 viridi
613 1833 714 1887 cortice
733 1833 828 1887 tincta
840 1833 929 1887 nucis:

293 1922 388 1977 tollere
406 1925 467 1976 tum
485 1923 576 1975 cursat
594 1919 669 1974 albos
689 1937 706 1973 a
724 1919 808 1990 stirpe
827 1920 940 1990 capillos

347 2011 375 2063 et
393 2007 491 2062 faciem
510 2007 624 2076 dempta
642 2006 711 2074 pelle
729 2007 830 2061 referre
848 2024 957 2060 novam.

147 2095 329 2160 Philostrati.
364 2116 413 2178 ep.
435 2096 490 2159 XL
523 2094 541 2175 'i
575 2099 805 2175 πυρσαίνουσα
837 2095 947 2174 μίλτος
975 2094 1017 2155 coi
1048 2092 1139 2173 χείλη
1171 2091 1225 2152 καὶ
1254 2088 1314 2173 τὴν

148 2197 289 2275 παρειάν
310 2195 481 2277 γράφουσα
503 2190 637 2274 κώλυμα
660 2192 869 2277 φιλημάτων,
892 2197 1065 2274 κατηγορεῖ
1083 2193 1120 2254 δὲ
1141 2191 1196 2253 καὶ
1218 2195 1315 2276 γῆρας

147 2299 206 2357 τοῦ
227 2291 415 2374 reposuimus,
446 2293 500 2375 ὑφ’
522 2282 560 2356 ori
590 2293 746 2355 πελιδνὸν
768 2298 829 2374 μὲν
857 2296 895 2356 τό
918 2291 1047 2372 στόμα,
1081 2292 1162 2378 ῥυσὴ
1192 2291 1314 2371 παρειοέ

146 2396 199 2457 καὶ
233 2396 356 2473 ἔξωρος.
397 2393 471 2472 ἴσχε
502 2394 543 2477 δή
573 2400 840 2473 χρωματοποιίαν
862 2396 916 2456 καὶ
949 2395 1054 2477 μηδὲν
1091 2395 1235 2456 ἐπιποῐει
1267 2396 1312 2471 τῷ

148 2495 267 2572 κάλλει,
289 2494 334 2577 μή
350 2494 403 2555 καὶ
416 2493 599 2581 γράψωμαί
612 2513 649 2557 σε
667 2491 766 2579 γήρως
781 2496 838 2557 s'rci
860 2501 898 2578 τῇ
919 2499 978 2558 τοῦ
1003 2493 1174 2575 προςώπου
1196 2495 1312 2575 γραφῇ.
1393 2552 1395 2555 ,

149 2596 193 2659 Cf.
218 2595 385 2660 Claudian.
409 2594 506 2675 epigr.
531 2614 634 2675 graec.
660 2598 688 2658 3,
856 2598 859 2602 ’

232 2693 443 2773 Interrogauti
458 2713 534 2757 vero
550 2694 752 2772 Philematio,
774 2715 850 2757 num
875 2693 1009 2774 capillus
1026 2693 1102 2757 satis
1119 2692 1314 2772 compositus

149 2797 197 2872 sit,
221 2793 392 2874 respondet
417 2792 546 2874 Scapha
569 2815 598 2856 v.
618 2795 678 2858 253

294 2890 341 2944 ubi
359 2894 391 2944 tu
409 2891 552 2946 commoda
569 2909 605 2956 es,
624 2892 756 2962 capillum
773 2892 945 2947 commodum
965 2909 1020 2947 esse
1038 2892 1149 2946 credito.
1210 2919 1213 2924 ·

150 2978 243 3055 Quod
265 2979 412 3061 Scaphae
432 2984 640 3062 praeceptum
659 2981 774 3043 iterum
795 3000 815 3042 a
833 2980 1001 3062 Propertio
1023 2985 1054 3043 et
1077 2979 1204 3043 Tibullo
1226 2993 1313 3038 com·

149 3078 314 3158 probatur,
344 3099 417 3142 eum
448 3079 507 3161 ipsi
537 3100 665 3162 quoque
698 3081 821 3144 amicae
852 3081 1002 3162 capillum
1031 3099 1136 3161 neque
1164 3081 1313 3143 ornatum

149 3197 254 3258 neque
277 3179 487 3261 compositum
512 3199 579 3243 esse
602 3181 749 3262 cupiant:

185 3282 263 3352 Prop.
283 3282 295 3334 l
315 3283 363 3352 2‚1

296 3368 362 3436 quid
379 3368 456 3423 iuvat
475 3372 573 3423 o1nato
591 3370 744 3440 procedere,
763 3369 829 3433 vita,
848 3369 966 3438 capillo?

188 3460 289 3514 Tibull.
308 3461 318 3512 Ι
338 3461 362 3525 8,
373 3461 389 3513 9
400 3479 439 3529 sq.

296 3547 362 3616 quid
379 3547 432 3601 tibi
450 3566 523 3602 nunc
541 3548 635 3602 molles
652 3547 763 3617 prodest
781 3545 892 3600 coluisse
911 3545 1043 3614 capillos?

349 3650 482 3703 saepeque
501 3636 623 3687 mutatas
642 3633 803 3702 disposuisse
822 3632 935 3686 comas‘?
962 3648 1017 3700 eqs.

151 3715 328 3800 Praecipue
360 3724 469 3784 autem
502 3740 575 3784 cum
609 3721 738 3784 comicis
768 3719 903 3784 crinium
935 3718 1160 3799 tingendorum
1191 3734 1315 3778 morem

151 3817 353 3899 vituperant:

225 4023 248 4087 1)
268 4022 362 4092 Neque
380 4023 526 4079 Horatiani
551 4023 679 4078 carminis
697 4025 743 4076 18
768 4025 975 4093 argumentum,
1001 4019 1071 4088 quod
1098 4019 1233 4072 artissime
1256 4034 1317 4070 cum

152 4107 332 4162 Mostellariae
345 4127 370 4162 v.
383 4110 432 4162 149
444 4127 502 4178 sqq.
517 4110 652 4180 congruit,
669 4128 702 4163 ex
711 4110 821 4170 Plauto,
839 4108 885 4163 sed
900 4126 933 4163 ex
943 4109 1045 4161 Graeco
1055 4109 1167 4159 auctore
1185 4102 1318 4171 originem

153 4190 250 4247 ducere
269 4194 324 4248 iam
345 4196 452 4252 monuit
469 4196 648 4266 Kiesslingius
666 4197 709 4251 ad.
728 4197 824 4250 Horat.
843 4212 926 4248 carru.
944 4196 955 4246 I
975 4196 999 4247 8.
