2946 4734
635 367 840 430 -56-

147 549 206 630 ipsi
229 548 348 624 dicant,
380 566 520 629 aequare
543 566 606 610 non
628 551 771 628 possunt.
814 546 864 609 Sic
884 543 1044 609 Charinus
1067 543 1263 608 lamentatur
1283 545 1311 608 in

147 651 324 713 Mercatore
345 649 405 712 467
429 669 498 729 sqq.

329 816 333 821 ι
573 800 577 809 ,
848 744 938 798 nullus
954 761 1023 811 sum,
1042 741 1136 797 occidi.

294 831 448 886 Pentheum
468 830 611 900 diripuisse
629 832 709 886 aiunt
727 832 862 886 Bacchas:
891 848 978 900 nugas
996 829 1131 905 marimas

295 919 376 973 luisse
392 918 479 982 credo,
497 924 596 987 praeut
613 936 668 986 quo
687 923 768 989 pacto
787 936 838 989 ego
858 918 981 972 divorsus
1000 916 1146 972 distrahor.

150 1023 184 1086 ln
217 1023 312 1104 elegis
356 1029 464 1088 autern
498 1025 640 1088 similiter
680 1024 819 1088 infelices
845 1024 980 1113 invenes
1012 1042 1105 1087 suurn
1141 1022 1313 1086 insatiabile

149 1123 341 1188 desiderium
360 1145 432 1191 cum
449 1125 588 1200 Tantali,
612 1125 749 1207 Sisyphi,
775 1125 887 1188 Ixionis
910 1123 1104 1188 cruciatibus
1127 1141 1314 1206 comparare

150 1226 261 1289 solent.
304 1226 347 1290 Ut
369 1227 515 1308 exemplo
537 1229 619 1302 utar,
643 1224 824 1288 adscribam
847 1224 941 1305 Prop.
966 1225 996 1287 ΙΙ
1019 1224 1067 1309 17,
1084 1224 1186 1306 5sqq.

345 1327 388 1381 vel
406 1330 437 1380 tu
456 1325 589 1380 Tantalea
607 1341 734 1379 moveare
753 1324 787 1378 ad
805 1325 919 1378 flumina
938 1326 1018 1387 sorte,

399 1416 431 1467 ul
449 1413 540 1482 liquor
558 1412 648 1467 arenti
667 1412 747 1465 fallat
765 1412 800 1464 ab
819 1429 865 1465 ore
883 1410 966 1475 sitim,

345 1501 389 1555 vel
407 1504 438 1554 tu
457 1499 599 1569 Sisyphios
620 1499 685 1552 licet
703 1501 733 1553 a!
753 1497 878 1553 miserere
895 1499 1009 1568 labores,

397 1587 507 1641 difficile
526 1590 558 1640 ut
575 1589 634 1640 tolo
653 1589 747 1640 monte
767 1587 872 1642 volutet
891 1579 972 1642 onus:¹

345 1675 439 1729 durius
458 1674 487 1727 in
506 1675 585 1728 terris
604 1673 675 1727 nihil
693 1678 733 1728 est
750 1673 825 1741 quod
841 1675 917 1730 vivat
936 1677 1055 1734 amante,

152 1770 179 1819 et
199 1763 282 1818 Pauli
301 1761 452 1817 Silentiarii
472 1761 558 1831 epigr.
578 1760 683 1814 anthol.
703 1761 759 1815 Pal.
780 1762 804 1814 V
823 1762 873 1817 236

347 1852 393 1902 ναὶ
414 1852 481 1920 τάχα
506 1849 663 1919 Τανταλὲης
681 1843 832 1919 Ἀχερόντια
851 1853 964 1922 πήματα
982 1855 1083 1928 ποινῆς

398 1930 544 2008 ἡμετέρων
563 1931 649 2006 clpam
669 1932 744 1988 ἐστὶν
764 1931 936 2010 ἐλαφρότερα
954 1957 1008 2010 eqs.

152 2028 246 2092 Adde
269 2027 364 2108 Prop.
387 2026 411 2088 ll
447 2028 470 2101 1,
491 2026 531 2089 65
549 2045 618 2105 sqq.
659 2024 750 2088 Ovid.
782 2045 882 2090 amor.
906 2028 946 2092 lll
977 2031 1005 2108 7,
1024 2036 1058 2098 51
1083 2057 1152 2120 sqq.
1201 2039 1318 2104 heroid.

152 2129 241 2192 XVII
264 2126 386 2208 (XVlll)
412 2127 467 2189 181
482 2146 528 2206 sq.
568 2125 656 2188 Paul.
683 2125 734 2189 Sil.
764 2128 884 2192 anthol.
905 2130 973 2195 Pal.
998 2135 1026 2197 V
1047 2136 1150 2215 alna
1169 2159 1218 2223 sq.

152 2249 325 2312 Praeterea
349 2263 525 2325 componas
547 2243 606 2307 hos
628 2244 794 2309 Plautinos
808 2241 848 2310 'et
870 2248 1097 2332 Propertianos
1119 2277 1248 2325 versus:

188 2352 286 2406 Cistell.
307 2351 357 2404 206
367 2367 425 2419 sqq.
759 2344 762 2350 ¹

347 2437 442 2501 iactor,
462 2435 561 2506 agitor,
581 2435 713 2500 stimulor,
733 2453 824 2490 versor

347 2524 376 2577 in
395 2523 496 2578 amoris
515 2527 586 2591 rota,
604 2522 686 2576 miser
704 2524 853 2594 exanimor,

346 2611 442 2674 ferror,
460 2610 579 2679 differor,
598 2610 743 2675 distrahor,
763 2611 885 2682 diripior,

188 2711 217 2763 et
234 2707 316 2776 Prop.
333 2707 344 2758 Ι
363 2707 388 2772 9,
398 2705 431 2759 20
440 2721 498 2773 sqq.

407 2797 435 2846 et
453 2790 542 2861 magis
560 2790 685 2845 infernae
703 2789 813 2844 vincula
833 2809 910 2846 nosse
930 2797 1008 2849 rotae
1026 2795 1140 2865 (cupies)
1191 2859 1194 2863 ἴ

350 2897 433 2948 quam
451 2879 529 2949 pueri
548 2878 649 2932 totiens
669 2895 762 2931 arcum
780 2879 881 2932 sentire
901 2880 1025 2935 medullis

404 2970 432 3020 et
450 2965 521 3019 nihil
539 2965 627 3019 iratae
646 2982 722 3034 posse
741 2981 841 3035 negare
861 2971 933 3021 tuae.

234 3071 378 3148 Quarum
402 3072 666 3135 miseriarum
689 3071 1006 3152 liberationem,
1030 3094 1103 3140 cum
1128 3077 1242 3142 vinum
1265 3078 1325 3143 ho·

150 3173 253 3235 mines
276 3173 345 3236 aliis
363 3173 446 3235 curis
466 3173 578 3249 solvat,
600 3172 820 3236 adulescentes
843 3194 1089 3257 nonnumquam
1112 3197 1131 3241 a
1155 3179 1325 3245 Baccho

151 3278 310 3355 petunt.
355 3272 528 3336 simillimis
559 3274 656 3353 igitur
686 3274 835 3337 laudibus
866 3275 916 3338 ille
948 3276 1154 3342 sollicitorum
1179 3286 1212 3344 et
1243 3301 1326 3364 pau·

151 3394 264 3456 perum
288 3375 454 3438 bominum
479 3375 601 3437 amicus
632 3375 663 3436 in
688 3375 802 3455 Diphili
826 3375 1005 3456 fragmento
1026 3379 1076 3454 86,
1099 3379 1135 3442 Κ.
1160 3380 1187 3444 ll
1209 3383 1273 3449 569
1294 3388 1327 3447 et

152 3477 390 3557 Augusteorum
413 3480 584 3557 poetarum
609 3475 804 3537 carminibus
824 3476 1018 3540 celebratur:

349 3579 369 3632 ni
395 3580 462 3633 πᾶσι
483 3587 539 3639 τοῖς
557 3579 691 3652 φρονοῦσι
709 3582 925 3650 προςφιλὲοτατε

347 3670 472 3721 Διόνυσε
492 3669 538 3719 καὶ
558 3662 705 3734 σοᾳοὶταθ’,
726 3661 763 3726 οἷς
782 3661 844 3736 ᾗδύς
863 3686 906 3727 τις
925 3665 957 3732 el,

351 3752 381 3814 ὃς
400 3751 449 3807 τὸν
469 3749 605 3807 ταπεινὸν
624 3756 696 3823 μέγα
717 3761 833 3825 φρονεῖν
852 3762 941 3814 ποιεῖς
958 3757 1043 3826 μόνος

351 3839 402 3895 τὸν
421 3838 470 3901 τὰς
491 3839 578 3913 ὅφρυς
596 3842 711 3912 αἴροντα
731 3845 900 3912 συμπείθεις
918 3841 1012 3911 γελᾶν,

351 3933 397 3982 τόν
417 3926 441 3982 τ’
459 3927 568 3998 dederi]
584 3928 689 3999 τολμᾶν
710 3946 743 3989 τι,
765 3924 812 3980 τὸν
832 3925 923 3981 declim
944 3932 1058 4001 θρασύν.

189 4016 284 4070 Horat.
304 4036 387 4071 carm.
411 4017 450 4069 lll
469 4016 605 4084 21‚13sq.

350 4109 382 4158 tu
402 4106 463 4158 lene
482 4107 651 4157 tormentum
670 4104 781 4170 ingenio
801 4104 928 4159 admoves
1024 4150 1027 4156 .

349 4193 510 4262 plerumque
529 4193 605 4254 dur0,
626 4193 656 4244 lu
676 4190 842 4259 sapientium
