2946 4734
693 222 765 297 μ13

170 406 311 473 Omnino
322 409 511 490 ζηλοτύπως
520 409 586 492 ἔχει
596 380 681 490 πρὸς
690 407 753 490 τήν
764 406 1000 492 Ἀνδρομάχην,
1010 409 1167 491 λοιδορεῖ,
1177 408 1319 474 ὑπονοεῖ
1430 402 1433 407 ’

169 513 249 598 (ὑπ,
266 510 331 598 32).
357 510 490 578 Deinde
505 514 620 578 autem
634 523 790 596 μετανοεῖ
802 513 1029 595 εὐλαβηθείσα
1043 514 1104 595 τήν
1128 515 1318 596 παρουσίαν

169 627 229 684 τοῦ
251 615 492 701 Νεοπτολέμου
515 616 617 703 (ὑπ),
652 615 876 684 Menelaus
905 624 1005 704 pater
1028 618 1159 705 etipse
1189 616 1318 696 ἀλάζων

168 719 223 787 καί
245 724 501 805 φιλοχρήματος,
525 721 648 798 ἀδίκως
671 726 857 805 φιλονεικεῖ
870 723 955 804 πρὸς
970 722 1086 805 Πηλέα
1105 719 1161 786 καὶ
1176 722 1315 803 αίρείται

168 826 361 906 κακοδοξελν
394 828 586 909 βασκαίνων
620 826 777 909 ἀντικρὺς
808 835 848 912 τῇ
876 827 1078 912 Ἀνδρομάχῃ
1113 827 1199 912 (369,
1240 825 1337 906 440,

169 929 262 1017 780);
287 930 329 997 de
350 929 379 996 Ρ
387 931 481 997 eleo
506 930 746 998 conferendum
768 930 868 997 schol.
885 932 966 1015 590;
992 931 1171 999 Orestes
1195 931 1317 1017 ἐχθρὸς

169 1041 223 1104 est
244 1047 304 1103 τοῦ
328 1036 567 1119 Νεοπτολέμου
588 1035 689 1123 (957).

220 1215 221 1218 ¹
254 1141 454 1207 Hecubae
477 1141 518 1208 οὐ
549 1143 800 1225 μαστροπόιδεις
827 1143 863 1207 οί
884 1145 989 1225 λόγοι,
1020 1140 1316 1225 ἀλλ’άφαιρεθείσα

168 1250 227 1314 τὸν
249 1257 308 1331 τής
329 1248 430 1332 τύχης
452 1249 554 1331 όγκον
570 1251 618 1323 είς
639 1257 706 1312 πᾶν
729 1247 846 1313 ὁτιοῦν
868 1251 1060 1331 καταβαίνει
1083 1251 1316 1329 καθομιλοῦσα

169 1364 239 1430 τοῖς
261 1364 391 1435 καιροίς
412 1350 467 1417 καὶ
492 1352 636 1434 λέγουσα
658 1362 771 1434 ταῦτα,
794 1347 889 1418 δι’ὧν
905 1355 1019 1435 ἔμελλε
1042 1358 1216 1435 θηρᾶσθαι
1239 1354 1315 1435 βοή·

169 1465 268 1523 θειαν
285 1457 371 1544 (825,
397 1459 517 1523 contra
540 1457 630 1548 quod
644 1457 680 1522 in
696 1456 797 1524 schol.
815 1456 915 1544 Soph.
939 1457 995 1523 Ai.
1011 1458 1076 1523 520
1099 1456 1316 1524 contenditur

168 1562 342 1629 Hecubam
362 1565 658 1645 μαστροπικώτατα
679 1563 785 1649 loqui)
807 1563 850 1628 cf.
878 1563 983 1629 etiam
1006 1561 1108 1628 schol.
1135 1561 1218 1627 Eur.
1236 1561 1314 1628 Tro.

169 1668 219 1750 98,
249 1668 314 1733 150
356 1666 398 1733 δε
429 1667 569 1734 Hecuba
611 1666 843 1734 infelicissima
875 1670 979 1754 atque
1018 1666 1216 1733 miserrima.
1273 1667 1316 1732 In

171 1773 443 1859 Polymestorem
477 1795 557 1839 sane
579 1776 690 1840 mater
723 1773 787 1839 fflii
816 1773 960 1860 pessime
991 1772 1103 1840 necati
1135 1772 1249 1839 dolose
1279 1777 1315 1838 et

169 1877 381 1945 acerbissime
396 1876 472 1963 agit
487 1879 574 1964 (968,
591 1879 664 1959 973,
681 1879 774 1964 990),
798 1878 947 1964 Polyx
959 1901 1010 1944 en
1021 1901 1042 1944 a
1064 1900 1145 1944 vere
1169 1879 1315 1962 ἡρωικὸν

169 1978 258 2067 ήθος
280 1985 447 2070 praestat,
471 1983 601 2050 scilicet
623 1981 789 2067 εὐθαρσὲς
810 1981 865 2049 καὶ
887 1985 1036 2068 εὔψυχον
1056 1981 1112 2048 καὶ
1132 2002 1314 2066 παρρησια-

168 2091 282 2154 στικόν
298 2089 385 2174 (573,
402 2088 494 2173 342);
512 2089 781 2174 Agamemno
798 2089 952 2175 loquitur
967 2094 1075 2165 καλῶς
1090 2087 1144 2153 καί
1159 2088 1183 2173 1)
1208 2139 1214 2153 .
1233 2139 1240 2153 .
1257 2087 1313 2153 καί

170 2189 208 2260 εὖ
229 2195 502 2270 κατασκευάστως
525 2194 644 2276 (1288),
669 2193 747 2260 vult
770 2194 879 2260 videri
903 2193 975 2260 sine
998 2193 1050 2260 ira
1072 2198 1109 2260 ei
1132 2193 1248 2260 studio
1272 2192 1312 2258 de

167 2297 306 2364 Hecuba
335 2298 493 2380 iudicare,
529 2300 588 2365 sed
611 2299 812 2385 έδιχοστάτει
845 2299 929 2386 αὐτῇ
964 2299 1155 2382 ἐπικουρεῖν
1190 2299 1246 2364 διά
1275 2301 1313 2363 τὸ

168 2407 269 2487 φίλον
299 2398 385 2469 εἶναι
407 2406 467 2470 τὸν
491 2408 737 2488 Πολυμήστορα
761 2405 870 2490 (1116,
893 2405 987 2490 812);
1018 2403 1312 2490 Polymesbor

169 2512 405 2592 προφασίζεται
439 2512 686 2592 πλαττόμενος.
704 2511 765 2576 οὐκ
802 2509 959 2594 ἐβούλετο
992 2511 1055 2592 γάρ
1089 2511 1239 2594 ὀφθῆναι
1274 2518 1313 2593 τῇ

168 2611 298 2699 Ἑκάβη,
321 2613 436 2698 ἐπειδή
459 2614 629 2680 ἀπέκτεινε
653 2617 713 2680 τὸν
736 2617 945 2697 Πολύδωρον
968 2614 1066 2699 (964).

254 2717 306 2783 De
343 2719 514 2785 Troadum
550 2719 688 2786 fabulae
726 2720 901 2786 Helena
938 2723 1053 2786 exstat
1091 2718 1193 2785 schol.
1230 2718 1311 2801 895;

167 2823 412 2890 Cassandra
447 2827 560 2908 ήδεται
595 2827 742 2891 δοκοῦσα
765 2828 876 2909 ὥσπερ
910 2830 1111 2908 τιμωρήσειν
1135 2826 1313 2910 Agamem-

169 2951 289 2994 nonem
318 2930 416 3013 (357),
451 2935 602 3014 μαίνεται
633 2938 752 3013 καίπερ
784 2931 935 2996 ἐπ’ένίων
966 2932 1163 3013 ὑγιαίνουσα
1197 2928 1311 3011 (schol.

169 3033 224 3100 Or.
248 3035 322 3113 268,
358 3035 401 3101 cf.
433 3035 536 3101 etiam
566 3059 592 3101 s.
616 3036 695 3102 Tro.
721 3037 813 3119 634);
849 3034 1122 3121 Thalihybio
1157 3038 1311 3121 respecto

169 3137 268 3204 schol.
285 3141 350 3206 408
368 3139 547 3226 Euripides
564 3141 801 3228 vituperatum
819 3141 1047 3229 Neptunus
1064 3141 1186 3206 Troiae
1202 3141 1314 3206 εὐνοεῖ

168 3242 264 3329 (ὑπ),
290 3245 486 3312 Minerva
511 3245 659 3311 Graecos
682 3260 772 3328 μισεῖ
795 3249 887 3329 (ὑπ.)

254 3350 306 3416 De
322 3350 506 3417 Alcestidis
529 3351 665 3417 fabulae
687 3350 876 3418 Hercule
899 3356 1012 3419 exstat
1029 3351 1130 3417 schol.
1149 3350 1221 3430 779,
1246 3373 1310 3436 quo

167 3475 238 3519 cum
262 3457 384 3541 poetae
405 3456 658 3543 vituperatione
678 3456 860 3523 Herculem
883 3463 1085 3541 φιλοσοφεῖν
1108 3458 1310 3537 annotatum

166 3557 376 3626 Admetus
407 3564 577 3647 συνεχύθη
608 3562 674 3626 ὑπὸ
697 3572 757 3626 τοῦ
779 3562 988 3645 Ἀλκήστιδος
1017 3562 1151 3636 πάθους
1173 3557 1227 3624 καί
1250 3569 1311 3625 τοῦ

168 3666 301 3747 θρήνου
323 3677 390 3730 τῶν
412 3669 543 3732 παίδων
565 3668 652 3753 (416,
677 3669 769 3753 861);
804 3690 957 3734 servus
987 3671 1107 3754 postea
1130 3690 1203 3733 oum
1225 3666 1311 3731 Her·

167 3767 241 3836 oule
276 3769 507 3837 collocuturus
551 3772 692 3839 moleste
730 3775 803 3840 feri
846 3773 1003 3839 Herculis
1041 3795 1125 3859 quae
1176 3772 1311 3837 videtur

168 3872 405 3958 ἀναισχυντίαν
428 3876 525 3961 (747).
550 3917 591 3924 -

253 3979 304 4046 Dc
327 3979 481 4049 Choris
504 3984 698 4072 Euripideis
723 3984 816 4050 infra
839 3984 963 4051 videas.

254 4083 441 4170 Sophoolls

250 4188 461 4279 Antigona
473 4195 681 4279 φιλάδελφος
696 4198 758 4277 esi,
772 4197 994 4276 φιλόστοργος
1006 4191 1100 4274 (Sall.
1114 4194 1180 4272 ὑπ,
1196 4214 1221 4256 s.
1234 4190 1308 4269 423,

164 4293 207 4358 82
242 4294 359 4383 (538)),
393 4298 455 4365 οὐκ
496 4300 617 4384 ἀσεβής
652 4299 760 4386 (955),
799 4304 852 4365 est
886 4299 974 4365 enim
1008 4301 1144 4380 γενναία
1179 4299 1215 4362 et
1248 4304 1308 4359 τοῦ

164 4401 369 4413 *—

255 4438 282 4505 1)
302 4436 386 4491 schol.
406 4443 573 4506 corruptum.
613 4439 795 4491 Schwartzius
814 4438 958 4506 proposuit
977 4445 1185 4503 παραινετικῶς
