2946 4734
530 237 829 298 ¹—23*

139 417 266 491 mutan,
292 411 368 474 dass
386 410 492 474 durch
509 411 634 493 vollige
651 413 861 494 Zerruttung
878 413 936 475 der
950 413 1233 496 Ueberliel'erung
1249 414 1308 476 des

138 525 277 590 Proclus
291 528 331 601 (b.
345 527 457 605 Phot.)
483 528 564 590 oder
588 527 692 590 durch
710 527 829 610 irgend
847 528 922 591 eine
940 552 1020 612 urge
1032 531 1063 594 N
1067 530 1309 612 achlassigheit

138 641 197 704 des
213 643 351 706 Photius
368 643 472 706 selbst
485 643 544 706 der
556 643 580 706 J
582 643 788 726 ambograph
802 645 967 722 Ananim,
983 645 1103 708 dessen
1117 646 1256 709 Proclus
1270 645 1306 707 in

138 758 197 820 der
213 758 433 841 Aulzahluug
457 759 516 821 der
541 759 796 847 berdhmtesten
813 759 1091 844 Jambographen
1116 784 1152 824 so
1169 768 1232 843 gut
1248 782 1305 843 ge-

138 873 271 936 denhen
297 875 424 937 honnte
449 875 510 938 wie
536 882 623 937 etwa
639 875 779 938 Tzetzes
806 876 945 959 (proleg.
964 876 1005 939 ad
1024 877 1105 960 Lyc.
1126 900 1156 960 p.
1171 879 1236 941 254
1249 877 1307 956 Μ),

135 1012 177 1052 au
203 989 312 1052 ciuem
338 991 475 1074 Konige
500 1013 568 1055 von
592 991 814 1054 Macedonian
839 991 1021 1074 geworden
1046 993 1101 1070 ist,
1134 1015 1227 1055 wczu
1252 992 1306 1055 die

137 1106 450 1190 Namensnennung
474 1107 595 1189 irgcnd
621 1109 714 1169 eines
739 1107 874 1170 solchen
902 1108 1035 1189 Konigs
1060 1108 1096 1172 in
1121 1109 1180 1171 der
1196 1107 1305 1171 Nach-

136 1221 456 1286 barschaftAnlass
492 1223 602 1305 geben
641 1221 797 1285 honnte.“
858 1223 941 1286 Cum
973 1226 1054 1286 haec
1077 1223 1206 1288 Rohdii
1230 1247 1305 1286 sen-

135 1337 244 1401 tentia
271 1334 465 1417 OOrusio¹l
496 1337 666 1422 probetur,
703 1338 860 1422 equidem
890 1340 1093 1402 contrarium
1123 1341 1194 1402 lere
1230 1361 1304 1423 prc-

139 1453 247 1517 babile
272 1475 344 1516 esse
370 1454 536 1518 existimo.
586 1453 673 1530 Quid
701 1454 845 1538 impedit
870 1477 940 1533 nos,
967 1477 1099 1538 quaero,
1125 1456 1304 1539 quominus

135 1570 244 1633 veteri
268 1569 401 1632 cuidam
427 1569 650 1634 Macedonum
674 1571 747 1652 regi
773 1593 895 1634 nomen
922 1571 1051 1634 Ananii
1076 1578 1134 1634 ant
1150 1571 1304 1635 Ananiae

135 1685 241 1747 luisse
265 1692 432 1769 putemus,
469 1708 543 1748 cum
569 1686 767 1769 praesertim
793 1686 834 1749 de
864 1686 1056 1770 antiquiore
1079 1687 1303 1750 Macedonum

134 1800 275 1864 historia
297 1822 465 1885 perpauca
501 1800 666 1864 sciamus?
713 1801 809 1865 Nihil
846 1824 920 1865 mea
953 1801 1088 1885 quidem
1123 1803 1302 1866 sententia.

135 1917 228 1998 Ergo
252 1917 419 1997 Tzetzam,
455 1917 575 1980 Proclo
598 1916 788 2000 Photioque
813 1917 919 1980 multo
944 1917 1144 1998 stultiorem,
1174 1940 1304 1981 summa

135 2033 353 2114 neglegentia
365 2032 477 2096 Procli
493 2033 603 2096 locum
620 2034 706 2096 falso
723 2033 1065 2117 comprehendentem
1083 2033 1148 2097 duo
1166 2037 1303 2098 nomina

134 2137 164 2225 (ὁ
189 2142 224 2206 δὲ
248 2148 270 2210 i.
296 2171 323 2211 e.
349 2141 566 2232 Σημωνίδης.
593 2197 600 2211 .
626 2195 633 2206 .
659 2143 702 2206 ἐπ
726 2137 877 2208 Ἀνανίου
902 2137 1054 2232 ἤκμαζεν)
1078 2156 1303 2213 commutasse

134 2271 168 2326 et
193 2287 210 2326 e
234 2264 388 2346 genitivo
410 2252 560 2324 Ἀνανίου
583 2253 734 2336 Ἁνανίας
770 2265 1017 2329 nominativum
1053 2267 1190 2345 factum,
1226 2288 1301 2330 cum

133 2380 243 2443 exitus
283 2401 321 2451 cc
360 2380 432 2444 eius
471 2387 581 2443 aetate
603 2381 727 2461 ¹multo
766 2381 880 2444 tritior
918 2388 1007 2444 esset
1044 2402 1142 2465 quam
1180 2402 1224 2462 ος,
1265 2382 1299 2444 in
1393 2467 1395 2471 Ι

132 2496 499 2578 praestantissimorum
534 2496 853 2580 iambographorum
889 2498 1078 2580 catalogum
1119 2496 1302 2561 inseruisse

134 2611 306 2675 coniciam.
356 2612 514 2676 Ceterum
539 2613 682 2675 Tactzae
712 2613 787 2696 ipsi,
825 2613 883 2696 qui
907 2612 1097 2676 iamborum
1121 2613 1302 2697 scriptores

132 2727 256 2809 legisse
280 2750 345 2790 non
371 2722 569 2809 videatur2),
607 2729 758 2791 Ananias
796 2736 895 2812 poeta
924 2729 1067 2792 fortasse
1096 2729 1301 2812 suspiciosus

132 2844 243 2905 lactus
279 2851 340 2925 est,
377 2865 451 2906 cum
488 2850 527 2906 ut
563 2843 743 2906 Diomedes
773 2844 851 2920 (GL
876 2845 892 2907 Ι
917 2845 981 2908 485
1007 2844 1052 2920 K)
1082 2844 1117 2906 in
1141 2845 1301 2928 opusculo

132 2957 280 3040 politicis
304 2958 456 3021 versibus
482 2959 666 3043 composito
691 2966 725 3021 et
749 2952 854 3034 σνίχοι
877 2953 955 3040 περὶ
973 2955 1136 3041 διαφορᾶς
1152 2959 1302 3042 norqrrir

133 3073 297 3157 inscripto
314 3080 446 3137 tantum
464 3075 704 3138 Archilochum
718 3075 1036 3158 Hipponactemquc
1054 3066 1302 3157 icpq'lcypa'qocg

133 3180 393 3268 γλωννονοξόνας
422 3189 645 3254 commendet
694 3191 761 3254 sed
796 3197 874 3254 utut
910 3197 971 3271 est,
1008 3190 1096 3274 apud
1127 3191 1299 3254 Graecos

132 3304 417 3368 Archilochum
448 3306 700 3369 Semonidem
729 3306 1025 3390 Hipponactem
1051 3306 1206 3369 omnibus
1229 3308 1300 3370 fere

132 3417 372 3501 temporibus3)
405 3423 714 3504 praestantissimos
754 3421 942 3485 iamborum
982 3421 1162 3505 scriptores
1202 3424 1300 3486 aesti-

133 3544 238 3599 matos
264 3559 346 3618 esse,
372 3538 526 3621 equidem
553 3560 748 3622 persuasum
775 3537 889 3601 habeo.
926 3537 1092 3602 Similiter
1120 3547 1200 3600 tres
1223 3539 1299 3601 Ro-

132 3673 435 3736 manosquoqne
471 3654 793 3739 iambographos,
833 3654 1038 3717 Catullum
1064 3653 1299 3715 Bibaculum

133 3768 340 3831 Horatium
366 3769 401 3830 in
427 3769 569 3832 triadem
594 3769 825 3845 Quintilianus
850 3771 898 3846 (X
915 3773 942 3850 1,
957 3769 1011 3845 llll)
1033 3766 1298 3850 comprehendit,

240 3971 263 4028 1)
290 3969 531 4036 Pauly-ll'issowa
551 3969 600 4021 RE
627 3969 652 4020 d.
680 3969 716 4021 kl.
742 3969 927 4020 Altcrturnsw.
948 3968 961 4018 l
983 3968 1075 4035 (isal)
1099 3967 1148 4017 col.
1168 3967 1245 4018 roza.
1267 3999 1298 4003 —

130 4058 157 4124 2)
178 4058 212 4108 cl.
233 4057 349 4109 Kruinb.
374 4057 510 4127 Gdsslrp.
534 4059 593 4110 ⁴236.
624 4089 656 4094 —
686 4058 712 4126 3)
733 4057 846 4109 nimiam
876 4057 946 4107 enim
975 4055 1163 4107 anctoritatem
1193 4072 1227 4105 ni.
1254 4072 1299 4121 qn.

129 4152 197 4197 sent.
223 4146 328 4198 Stellen
353 4145 390 4214 (p.
405 4149 449 4212 34)
475 4146 564 4199 Plinio
588 4146 677 4214 (epist.
698 4146 741 4198 lv
755 4149 779 4210 3,
794 4148 830 4213 3),
859 4145 903 4212 qui
930 4142 1059 4195 Heroden
1079 4143 1119 4195 vel
1139 4142 1298 4194 Horondain

130 4234 386 4304 ianibographcruni
407 4235 556 4305 principem
575 4234 700 4298 celebrat,
720 4234 853 4287 attribuit.
