2946 4734
633 185 837 246 ,40-

147 382 291 428 amorem
324 362 357 423 in
387 363 499 442 peetus
531 364 731 442 penetrasse,
768 362 853 426 velut
887 363 1020 446 Propl
1051 368 1065 429 1
1105 367 1224 449 ‘prima
1255 370 1311 434 suls

148 465 299 527 miserum
332 482 384 524 me
418 462 503 542 oepit
529 461 652 524 ocellis'.
704 462 834 525 Anthol.
862 463 931 526 Pal.
963 464 987 526 V
1018 466 1079 530 110
1121 457 1312 550 τρῗφθαλμῷ

147 561 276 642 Διδύμη
306 584 347 639 με
378 558 601 642 συνήρπασεν.
654 559 746 624 Ovid.
770 581 871 625 amor.
896 562 1054 639 1117,11
1081 565 1190 631 ‘laeies
1213 569 1312 632 oculos

148 667 226 727 nata
238 667 348 750 tenere
362 661 469 725 meos‘.
499 660 591 724 Ovid.
605 661 725 724 heroid.
737 661 793 724 Xll
806 663 845 726 36
866 661 1077 728 ‘abstulerant
1094 666 1179 730 oculi
1197 667 1313 732 lumina

148 767 259 827 nostra
281 761 345 826 tui'.
380 761 476 843 Prop.
499 761 585 839 1115,
607 762 644 824 11
666 761 757 825 ‘oculi
784 767 858 826 sunt
888 763 920 826 in
942 782 1053 828 amore
1075 765 1193 830 duces‘.
1229 767 1313 832 Ovid.

149 865 208 926 art.
220 860 259 924 ill
282 863 320 925 10
342 859 497 925 ‘comibus
519 864 567 924 est
588 861 688 924 oeulis
712 861 899 926 alliciendus
921 862 1030 927 amor’.
1061 863 1168 929 Nonn.
1184 866 1278 930 Dion.
1290 869 1313 931 ll

148 963 209 1025 588
238 960 415 1042 ὀφθαλμός
452 959 671 1039 προκέλενθος
700 961 822 1039 ἐγίνετο
852 963 987 1040 πομπὸς
1008 959 1159 1043 Ἐρώτων.
1204 967 1314 1031 Αο11111.

148 1063 219 1126 Tat.
244 1063 258 1125 I
280 1062 346 1139 4,4
375 1058 490 1132 κᾶλλος
512 1060 572 1139 γάρ
596 1056 751 1139 ὀξύτερον
773 1057 943 1140 τιτρώσκει
963 1061 1077 1142 fleterre
1098 1064 1153 1126 καὶ
1176 1065 1234 1127 ded
1256 1070 1315 1127 00111

148 1159 336 1242 ὀφθαλμῶν
351 1162 382 1232 ἐς
396 1159 457 1243 τήν
473 1161 585 1243 ψυχήν
606 1159 776 1239 καταρρεῖ·
800 1161 978 1242 ὀφθαλμός
999 1163 1060 1243 γάρ
1083 1162 1159 1236 ὁδός
1181 1153 1316 1244 &policarpi

148 1256 317 1341 τραύματι.
329 1260 352 1339 1)
396 1259 603 1340 Quamquam
626 1259 740 1323 similia
763 1280 867 1342 neque
889 1262 921 1325 in
934 1263 1041 1326 Plauti
1057 1283 1165 1346 neque
1179 1264 1315 1329 Terentii

148 1362 264 1426 fabulis
292 1360 514 1437 inveniuntur,
548 1362 658 1422 tumen
686 1361 825 1424 comicos
846 1361 970 1426 Atticos
1001 1364 1120 1427 talibus
1146 1365 1317 1428 luminibus

149 1483 223 1527 usos
253 1482 320 1526 esse
352 1460 462 1536 eredo,
497 1459 584 1541 quod
617 1460 705 1541 apud
734 1460 939 1542 Euripidem,
973 1483 1070 1544 quem
1101 1463 1192 1528 haud
1223 1464 1315 1528 semel

150 1563 265 1627 imitati
287 1564 371 1638 sunt,
394 1558 529 1639 legimus
552 1559 716 1641 Hippolyt.
739 1560 801 1623 515
818 1581 887 1641 sqq.

340 1656 435 1729 Ἔρως,
450 1653 543 1728 Ἔρως,
565 1651 579 1709 ὅ
599 1653 661 1710 κατ’
680 1655 814 1729 ὀμμάτων

346 1741 454 1806 στάζεις
472 1741 566 1796 πόθον
585 1743 704 1813 εἰςάγων
722 1746 857 1813 γλυκεῖαν
955 1741 958 1744 ’

346 1835 449 1900 ψυχαῖς
464 1829 558 1902 χάριν,
577 1825 624 1890 οὓς
643 1827 853 1906 ἑπιστρατεύσῃ·

75 1916 77 1919 ’
153 1919 326 1982 Praeterea
356 1936 483 1995 versus,
515 1918 570 1998 qui
599 1918 631 1980 in
660 1918 838 2000 appendice
868 1920 1065 1985 Florentina'
1079 1920 1211 1986 Stobaei
1234 1922 1316 2000 13,7

151 2021 211 2084 suh
243 2017 404 2082 Timothei
437 2017 604 2081 cuiusdam
636 2018 765 2081 nomine
795 2019 958 2097 feruntur,
998 2020 1170 2087 Timotheo
1199 2022 1318 2086 comico

152 2119 250 2183 tribui
272 2121 416 2198 possunt.
445 2118 481 2181 K.
506 2119 537 2182 ΙΙ
559 2139 590 2199 p.
609 2117 671 2180 450

348 2210 412 2268 οὗθ’
431 2213 445 2266 ὁ
463 2209 602 2286 πτερωτὸς
622 2210 678 2273 ἰξὸς
696 2210 831 2286 ὅμμιὶτων
844 2212 938 2286 Ἔρως,

347 2295 361 2352 ὅ
384 2298 528 2371 Κύπριδος
546 2299 675 2368 κνναγός,
696 2295 712 2370 ἦ
732 2300 842 2372 φρενῶν
861 2297 930 2366 α’κίς,
960 2300 962 2305 ”

348 2380 363 2438 ὅ
380 2383 419 2457 μὴ
440 2389 523 2438 τίνων
542 2393 653 2439 θεοῖσιν
672 2383 773 2459 ὁρκίων
791 2387 877 2445 δίκας,

153 2474 313 2555 Denique,
344 2475 403 2538 etsi
431 2475 463 2536 in
485 2474 573 2537 nulla
595 2474 705 2538 fabula
727 2475 861 2555 palliata
882 2476 985 2564 simile
1008 2477 1187 2559 quidquam
1210 2481 1319 2554 exstat,

153 2578 262 2638 tamen
292 2575 323 2637 in
353 2575 480 2638 Publilii
509 2575 580 2656 Syri
619 2575 834 2657 mimographi
870 2577 1034 2641 sententiis
1064 2578 1205 2642 occurrit
1233 2598 1263 2641 v.
1283 2578 1321 2642 lo

157 2674 218 2754 (ed.
240 2674 416 2755 Ribbeeklz

351 2771 434 2826 Amor
452 2776 484 2826 01
502 2771 615 2826 lacrima
632 2771 667 2825 ab
686 2772 763 2825 00010
782 2770 876 2833 oritur,
897 2772 927 2824 10
945 2774 1039 2841 peetus
1056 2771 1141 2826 eadit.

157 2860 270 2923 Mimos
293 2863 401 2923 autem
422 2860 543 2922 vicinos
560 2859 654 2921 luisse
677 2858 849 2921 comoediis
871 2859 946 2922 inde
968 2862 1113 2940 apparet,
1136 2860 1225 2941 quod
1247 2877 1322 2922 non·

157 2979 338 3041 numquam
360 2959 444 3022 idem
468 2959 639 3021 mimorum
664 2978 702 3020 ae
725 2957 907 3020 fabularum
930 2957 1136 3039 palliatarum
1155 2955 1240 3021 tituli
1261 2960 1323 3021 tra·

158 3059 289 3134 duntur,
303 3060 327 3134 ²)
350 3078 449 3140 quam
473 3059 514 3122 ob
536 3078 603 3120 rem
620 3059 716 3121 etiam
740 3058 867 3121 Publilii
879 3058 950 3139 Syri
972 3076 1083 3121 versus
1104 3056 1191 3136 valet
1212 3057 1255 3121 ad
1274 3055 1322 3119 iir-

159 3158 313 3220 mandam
326 3178 430 3221 meam
444 3158 637 3238 opinionem,
658 3177 721 3237 qua
736 3156 806 3219 dico
819 3157 899 3220 tales
911 3157 1087 3220 sententias
1104 3175 1144 3219 011
1156 3154 1324 3220 comoediis

161 3256 274 3318 Atticis
298 3257 328 3319 in
348 3257 465 3336 elegias
487 3255 778 3319 Alexandrinorum
802 3259 833 3318 01
857 3256 1079 3318 Romanorum
1102 3254 1294 3334 pervenisse.

243 3355 314 3432 Qua
337 3356 524 3436 quaestione
547 3356 588 3418 ad
611 3355 707 3418 finem
729 3356 886 3436 perducta
908 3354 1137 3435 proximum
1166 3357 1244 3432 est,
1274 3355 1325 3426 01,

162 3454 260 3535 quid
294 3455 485 3518 homines
517 3460 598 3518 tam
632 3456 771 3518 subito
805 3475 947 3519 anrore
980 3454 1094 3535 eapti
1128 3456 1258 3535 agant
1292 3452 1326 3514 et

162 3553 328 3632 dicant,
352 3555 598 3618 disseratur.
643 3555 775 3617 luvenes
801 3555 929 3635 quidem
955 3556 1102 3617 amantes
1124 3552 1214 3634 apud
1236 3549 1327 3616 eomi-

163 3673 217 3715 eos
248 3658 278 3716 01
309 3654 465 3732 elegiacos
496 3658 609 3737 poetas
639 3673 713 3716 mox
745 3654 893 3716 omnihus
924 3651 1118 3716 eruciatibus
1141 3655 1172 3715 01
1200 3647 1328 3714 miseriis

239 3833 263 3900 1)
282 3832 436 3886 Permullos
462 3833 618 3885 huiusmodi
642 3834 712 3886 locos
731 3836 924 3902 congesserunt
942 3831 1087 3900 Diltheyus
1105 3830 1222 3901 Cydipp.
1241 3849 1268 3901 p.
1285 3830 1328 3884 56:

172 3920 293 3973 Bohdius
313 3921 419 3973 Roman
439 3938 464 3988 p.
487 3921 586 3982 1491,
607 3921 740 3973 1101101100
758 3939 783 3988 p.
806 3920 844 3971 13.

234 4007 261 4071 1)
281 4006 320 4059 Cf.
342 4005 455 4067 Sohanz‚
476 4005 641 4060 Gesohiehte
661 4007 708 4059 der
726 4023 809 4060 roem.
828 4005 979 4058 Litteratur
999 4003 1011 4055 1
1028 4022 1056 4073 p.
1074 4003 1131 4057 131.
