2946 4734
697 224 738 291 81

146 402 183 466 in
205 399 257 467 his
281 400 433 467 scholiis:
466 399 663 468 1112031
706 401 756 479 ,11
787 399 868 468 hac
898 423 1054 468 scaena
1083 406 1204 469 actus
1228 405 1296 469 est

147 506 381 593 exemplum
404 506 579 572 continens
605 505 697 572 vitae
720 527 918 578 avarorum,
943 506 1001 592 qui
1024 528 1124 595 saepe
1147 506 1183 572 in
1205 506 1295 573 dam-

146 636 226 678 num
248 611 355 700 ipsius
379 612 547 678 avaritiae
568 610 758 678 rationibus
783 614 909 694 ruunt‘,
934 612 999 678 Ad.
1018 612 1116 677 71111
1147 612 1199 695 ,11
1220 612 1296 680 hac

148 739 302 784 scaena
326 717 563 805 exemplum
595 721 661 783 est
694 716 954 805 intempestivae
989 718 1235 804 obiurgationis
1257 740 1297 784 ac

147 846 209 909 per
224 821 287 889 hoc
302 822 486 904 ridiculae‘,
504 822 572 889 Ad.
588 823 690 887 7131
717 822 796 903 ,bic
819 823 1055 910 exemplum
1070 824 1296 891 inducitur

148 928 243 994 saevi
276 928 386 1016 patris
420 950 462 994 ex
497 929 624 995 affectu
655 948 736 995 vero
772 932 809 992 et
840 929 881 994 ob
912 927 975 994 hoc
996 929 1100 994 invisi
1123 930 1296 1012 omnibus‘,

149 1034 234 1099 Eun.
250 1034 336 1100 aa]
364 1034 417 1116 ,in
439 1032 514 1100 hac
537 1033 743 1117 προτάσει
767 1033 1000 1121 exemplum
1023 1034 1297 1122 proponitur,

148 1161 248 1224 quam
269 1161 337 1206 non
359 1161 439 1206 suae
460 1140 645 1226 potestatis
668 1140 715 1205 sit
737 1139 795 1227 qui
826 1143 935 1221 amat,
968 1161 1068 1228 quam
1098 1140 1209 1227 sapiat
1242 1140 1298 1227 qui

147 1267 215 1310 non
237 1250 329 1311 amat
361 1267 468 1332 neque
499 1245 603 1312 aliter
635 1247 779 1311 affectus
811 1245 925 1332 00111).
973 1246 1123 1327 Quorum
1150 1245 1297 1312 elocutio

147 1351 248 1438 plane
273 1350 389 1418 eadem
419 1353 477 1419 est
510 1356 546 1417 ct
568 1353 752 1437 praeterea
785 1350 820 1416 id
842 1370 1014 1417 commune
1037 1354 1105 1428 est,
1137 1351 1227 1438 quod
1248 1350 1296 1416 in-

128 1518 130 1522 ,
148 1455 335 1522 veniuntur
357 1456 393 1521 in
416 1454 623 1542 singularum
644 1477 841 1522 scaenarum
856 1454 1134 1542 praefationibus,
1158 1477 1299 1543 quarum

149 1583 278 1626 summa
299 1560 335 1625 in
358 1560 405 1628 eis
430 1559 610 1627 exhibetur
634 1564 673 1627 ut
695 1559 958 1627 totius‘fabulae
982 1583 1108 1657 summa
1130 1561 1165 1626 in
1188 1561 1297 1627 totius

149 1665 382 1731 commentarii
405 1665 629 1752 praefatione.
676 1666 723 1732 Et
747 1652 791 1731 ad
806 1664 891 1731 hano
908 1665 1040 1753 quidem
1056 1665 1300 1752 expositionem

149 1771 288 1857 propria
318 1792 415 1857 quam
449 1771 515 1837 iam
542 1771 696 1837 novimus
724 1770 871 1837 elocutio
897 1769 1051 1836 adhibita
1075 1782 1145 1837 est:
1170 1770 1299 1836 scilicet

148 1879 189 1941 ut
212 1874 313 1942 schol.
337 1875 444 1941 Andr.
468 1875 578 1962 praef.
602 1876 664 1957 13,
689 1876 754 1941 Ad.
778 1876 882 1941 275.1
910 1885 972 1941 010.
998 1876 1102 1943 etiam
1124 1875 1178 1942 hio
1200 1897 1299 1963 quam

150 1980 405 2065 generalissime
428 1983 614 2068 potuerunt
645 1981 750 2047 locuti
783 1983 865 2047 sunt
896 1979 1115 2062 scholiastae,
1152 1984 1192 2047 ut
1215 2004 1241 2046 0.
1266 2003 1298 2067 g.

151 2085 192 2150 ad
211 2108 242 2150 v.
260 2085 325 2150 Ad.
343 2086 407 2151 209
430 2109 498 2152 101
521 2089 728 2153 annotarent
759 2087 804 2170 ,in
827 2089 890 2156 hac
913 2108 1033 2155 scaena
1056 2090 1151 2153 actus
1175 2085 1300 2152 Sannio

150 2190 227 2255 leno
244 2211 370 2257 avarus
386 2191 461 2277 ipsa
476 2190 624 2257 avaritia
636 2192 792 2260 inductus
808 2194 844 2260 in
856 2193 1013 2261 damnum
1028 2192 1109 2259 ruit‘
1124 2191 1178 2257 vel
1194 2190 1301 2257 simile

152 2294 243 2380 quid,
269 2294 328 2360 sed
344 2295 505 2362 adhibitis
523 2296 696 2364 vocabulis
722 2299 977 2386 ‚exemplum‘
995 2302 1031 2365 01
1055 2298 1172 2377 ,11101
1195 2296 1301 2363 locuti

152 2403 232 2466 sunt
248 2399 288 2466 de
312 2401 483 2477 avaris,
509 2402 566 2489 qui
582 2424 711 2489 saepe
733 2404 769 2469 in
785 2403 942 2470 damnum
956 2407 1070 2469 ruunt.
1105 2403 1301 2469 Utebantur

151 2505 261 2591 igitur
276 2505 478 2572 scholiastae
502 2512 624 2593 poetae
639 2510 793 2594 personis
816 2532 878 2596 pro
895 2510 987 2576 vitae
1004 2508 1173 2596 exemplis,
1198 2529 1301 2593 quare

152 2609 242 2696 quod
278 2612 451 2698 proprium
495 2617 571 2679 erat
610 2613 644 2678 in
690 2635 835 2700 persona
872 2617 1042 2681 tractatus
1081 2613 1122 2680 de
1160 2611 1301 2698 singulis

152 2715 340 2782 virtutibus
376 2717 535 2805 vitiisque
576 2717 686 2782 habiti
719 2717 833 2784 instar
870 2718 1080 2805 accipiebant
1123 2717 1224 2804 idque
1263 2740 1301 2783 eo

153 2819 305 2901 consilio,
335 2827 375 2886 ut
398 2820 464 2908 ipsi
491 2822 565 2888 vita
589 2843 649 2888 sua
672 2827 828 2908 respecta
851 2823 1002 2889 fructum
1026 2823 1105 2888 inde
1132 2824 1300 2909 caperent.
1380 2811 1382 2816 ⁵

153 2923 241 2989 Num
288 2924 352 2991 hoc
395 2926 492 2992 modo
535 2929 657 3011 poetae
697 2949 828 3013 semper
867 2927 1120 3007 satisfacerent,
1163 2926 1199 2991 id
1235 2948 1303 2991 non

153 3029 315 3116 religiose
353 3033 571 3116 quaerebant.
631 3030 760 3111 Quibus
800 3032 935 3099 scholiis
973 3032 1126 3099 addenda
1161 3055 1203 3097 ss.
1235 3031 1301 3096 Ad.

154 3135 369 3217 72811110
392 3137 500 3202 bono
525 3135 718 3223 exemplo
742 3137 1087 3204 induciturlllicio
1102 3138 1303 3202 irascentem

154 3241 243 3307 iuste
266 3240 427 3306 Demeam
449 3241 573 3307 leniter
595 3242 704 3322 ferre,
737 3244 816 3329 quia
840 3243 1030 3309 exanimato
1054 3244 1096 3308 ob
1119 3262 1303 3308 maerorem

154 3369 220 3411 non
244 3346 404 3412 convenit
434 3346 655 3413 inclementer
686 3347 734 3413 ire
766 3349 899 3414 obviam
922 3352 1007 3426 etc‘,
1031 3347 1098 3413 Ad.
1122 3346 1224 3411 8551
1252 3346 1304 3427 ,11

153 3449 257 3517 haec
293 3472 448 3517 scaena
483 3452 720 3538 exemplum
757 3453 990 3520 inducitur
1027 3452 1213 3529 hominum,
1246 3450 1305 3536 qui

154 3555 322 3621 virtutem
345 3555 459 3621 taedio
483 3554 646 3622 deserunt
668 3559 710 3623 ob
733 3561 963 3645 contemptum
986 3559 1056 3624 eius
1079 3556 1169 3644 apud
1191 3577 1303 3621 omnes

156 3658 395 3747 saeculumque
417 3660 575 3728 vitiosius
599 3665 684 3744 0101,
717 3661 783 3728 Ad.
809 3665 925 3743 7631,
959 3662 1020 3728 Ph.
1044 3663 1117 3727 231.
1130 3662 1159 3741 2,
1190 3661 1303 3741 1531,

158 3766 229 3830 153.
244 3766 274 3846 3,
309 3763 516 3847 1118821,
550 3767 665 3849 5401,
690 3768 763 3847 355,
796 3768 1022 3849 8017831,
1056 3768 1176 3846 7611,
1210 3765 1303 3832 cuius

156 3891 271 3936 vocem
306 3869 401 3951 ,vult‘
433 3870 702 3953 animadvertam
750 3871 790 3936 cf.
827 3873 929 3939 etiam
961 3873 1046 3937 Eun.
1072 3873 1145 3936 730.
1161 3874 1173 3935 l
1192 3870 1225 3956 ¹).
1271 3870 1305 3934 Α

248 4048 274 4111 1)
294 4046 327 4099 cf.
349 4044 385 4100 ad
403 4064 460 4101 rem
479 4048 563 4102 schol.
585 4052 627 4102 58.

248 4138 274 4205 l)
294 4135 384 4190 Schol.
405 4153 500 4191 sanum
519 4154 574 4190 non
600 4144 657 4192 est:
685 4138 797 4192 verbum
817 4136 974 4204 εἰρωνικῶς
1000 4152 1056 4189 101
1081 4136 1227 4198 traditum,
1257 4136 1303 4189 sed

157 4244 307 4293 νρωνικως,
328 4227 404 4280 cuius
424 4246 441 4279 ν
460 4227 487 4279 11
505 4243 561 4281 ras.
581 4228 680 4281 Totum
700 4235 791 4281 autem
811 4228 984 4281 enuntiatum
1008 4224 1043 4279 ad
1063 4233 1171 4294 poetam
1191 4231 1304 4293 spectat.

158 4314 248 4380 Quare
261 4321 337 4369 recte
350 4325 495 4384 γνωμικῶς
507 4316 591 4369 scribi
602 4315 716 4383 videtur,
729 4323 761 4369 ut
775 4332 870 4371 sensus
885 4316 921 4370 sit
937 4316 1048 4368 scholii:
1069 4322 1151 4383 poeta
1163 4322 1307 4383 γνωμικῶς

1064 4408 1080 4456 6
