2946 4734
678 215 715 278 41

115 396 233 459 dictum
257 415 324 459 esse
345 396 480 472 videtur,
502 395 589 478 quod
610 395 752 459 rhetores
774 392 956 475 eloquentia
980 391 1141 455 tristitiam
1162 389 1280 472 optime

116 495 332 558 removebant.
375 495 414 558 Et
430 496 567 576 primum
595 495 726 577 quidem
747 493 860 557 talium
884 492 1119 574 epitaphiorum
1150 509 1281 553 enume-

116 596 227 657 rentur
258 594 410 674 exempla.
462 592 604 675 Antipho
636 593 835 657 Atheniensis
875 591 995 674 primus
1037 589 1113 654 artis
1148 590 1281 670 scriptor

117 694 285 773 promptae
314 693 429 756 mentis
458 693 641 756 facilitatem
672 691 852 754 adhibuisse
880 690 994 753 dicitur
1024 689 1067 752 ad
1089 688 1280 752 afflictorum

117 790 241 855 dolores
257 791 456 871 mitigandos.
487 791 569 856 Nam
586 790 729 862 ἀλυπίας
743 795 845 854 artem
859 791 907 852 est
921 787 1090 869 professus,
1105 787 1282 870 habuitque

116 895 152 953 ut
174 891 250 954 dicit
270 891 479 955 Philostratus
493 891 514 973 ¹)
537 894 715 972 ιηπενθεῑς
733 888 914 969 ἀκροάσεις,
936 887 970 951 id
990 890 1038 950 est
1051 887 1282 969 disputationes

117 990 208 1071 quasi
228 990 367 1054 antuleta
388 991 500 1066 luctus,
521 990 637 1073 quibus
659 990 803 1054 homines
826 1007 969 1052 maerore
985 986 1118 1050 altlictos
1137 988 1281 1051 oratione

117 1089 289 1154 solabatur.
311 1090 487 1154 Posteriora
498 1095 642 1170 tempore
653 1091 749 1152 etiam
762 1089 894 1168 Gorgias
907 1085 1032 1168 scripsit
1044 1087 1246 1150 orationeml
1267 1121 1282 1133 ·

117 1192 247 1254 nebrem
271 1191 302 1253 in
333 1209 387 1254 eos
408 1190 514 1272 quiin
535 1189 618 1254 bello
639 1189 807 1271 perierant,
836 1192 868 1252 et
889 1188 1023 1253 Pericles
1045 1187 1132 1268 apud
1155 1186 1282 1267 Thucy·

117 1291 222 1354 didem
252 1291 428 1353 orationem
462 1289 558 1354 habet
587 1291 620 1353 in
648 1309 701 1354 eos
732 1308 812 1371 quos
841 1289 939 1371 pestis
965 1288 1105 1370 abripuit
1133 1291 1165 1353 et
1189 1289 1282 1353 Plato

116 1391 229 1454 deinde
252 1390 283 1453 in
300 1389 473 1454 blenexeno
497 1393 529 1453 et
548 1388 832 1471 Pseudo-Lysiasll
859 1395 890 1453 et
909 1389 1282 1454 Pseudo-Demosthenes

116 1491 312 1553 orationibus
333 1490 530 1554 decorabant
548 1491 736 1554 memoriam
753 1509 861 1554 eorum
885 1491 940 1572 qui
961 1489 995 1553 in
1017 1489 1101 1553 bello
1126 1488 1281 1552 interiecti

116 1595 217 1654 erant.
260 1589 436 1671 Hyperides
459 1610 586 1672 qnoque
616 1594 725 1654 orator
750 1590 801 1653 hic
825 1593 873 1654 est
900 1589 1209 1664 commemorandus,
1241 1589 1281 1653 de

115 1709 179 1772 quo
201 1689 503 1772 Pseudo-Longinus
512 1688 537 1771 ³)
565 1691 625 1754 sio:
656 1690 714 1751 ιόν
736 1689 774 1751 δὲ
794 1688 971 1771 ἐπιτάφιον
993 1689 1220 1766 ἐπιδεικτικῶς,
1241 1687 1282 1760 ὠς

115 1787 172 1851 οὐκ
194 1780 255 1851 οἷδ’
283 1788 384 1861 εἴτις
405 1786 501 1861 ἄλλος
529 1788 670 1852 διέθετο.
713 1789 846 1871 Scripsit
871 1810 947 1854 vero
975 1790 1151 1870 Hyperides
1179 1788 1281 1870 epita·

115 1890 224 1971 phium
242 1891 331 1971 quasi
350 1889 596 1953 consolatorium
613 1889 647 1952 in
666 1909 729 1966 eos,
751 1890 804 1971 qui
820 1890 851 1951 in
869 1889 952 1953 bello
973 1890 1015 1953 ab
1031 1888 1279 1953 Atheniensibus

116 1993 227 2053 contra
254 1991 458 2071 Antipatrum
481 1989 691 2053 Macedonum
719 2008 827 2069 regem
855 1989 1010 2053 interlecti
1037 1993 1137 2053 erant.
1187 1987 1281 2051 Pole-

116 2089 217 2151 monis
233 2091 393 2170 sophistae
420 2093 530 2153 extant
559 2089 758 2153 laudationes
780 2088 929 2152 funebres
955 2089 988 2151 in
1009 2087 1222 2170 Cynaegirum
1248 2093 1279 2153 et

116 2187 344 2253 Callimachum
369 2189 410 2252 ab
432 2190 596 2269 utriusque
612 2193 704 2268 patre
720 2187 857 2252 habitae.
889 2186 1077 2252 Orationem
1101 2193 1209 2251 autern
1231 2189 1280 2252 fu·

114 2289 259 2351 nebrium
289 2288 448 2369 peculiare
479 2292 547 2350 erat
575 2307 674 2368 genus
701 2287 790 2367 apud
817 2287 957 2350 rhetores
986 2307 1116 2368 graecos
1141 2289 1278 2352 maxime

37 2421 40 2427 ·
114 2389 274 2462 usitatum,
291 2387 376 2470 quod
394 2387 619 2451 consolabatur
631 2387 821 2468 superstites,
843 2385 956 2465 λόγοι
972 2408 1085 2466 παρα
1092 2391 1278 2466 pudendi.

115 2487 201 2564 Quas
223 2487 381 2550 orationes
404 2506 530 2550 summa
544 2493 612 2550 arte
632 2491 664 2551 et
683 2486 858 2550 subtilitate
873 2485 978 2549 multis
993 2487 1187 2566 argumentis
1201 2506 1278 2550 con·

113 2586 267 2649 solatoriis
287 2586 488 2649 instruebant
509 2587 542 2650 in
563 2587 685 2665 singula
711 2587 824 2649 funera
852 2585 1017 2668 promptis
1048 2587 1135 2668 quod
1156 2587 1275 2668 optime

113 2685 277 2749 illustravit
301 2684 561 2767 Volkmannus4).
610 2684 755 2749 Aristidis
783 2685 946 2766 sophistae
973 2688 1036 2749 tres
1064 2686 1225 2767 epitaphii,
1256 2707 1275 2750 a

112 2785 287 2849 Menandro
297 2785 320 2861 ⁵)
344 2786 593 2862 commemorati,
614 2788 689 2848 sunt
711 2785 839 2865 perditi3
861 2785 918 2849 sed
934 2785 1016 2848 inter
1027 2786 1186 2850 orationes
1210 2785 1276 2850 eius

112 2884 202 2948 nobis
223 2890 365 2948 servatas
387 2884 617 2949 consolatoriae
642 2887 717 2947 sunt
740 2884 822 2947 duae
852 2882 896 2956 εἰς
916 2884 1070 2946 'illusoria
1093 2882 1277 2966 ἐπικήδειον

113 2984 145 3066 (Ι.
170 2986 226 3047 133
247 3005 316 3066 sqq.
337 2984 385 3047 ed.
403 2983 543 3066 Canter),
566 2991 596 3046 et
617 2983 790 3064 ἐπιτάφιος
810 2983 843 3047 in
866 2985 1084 3048 Alexandrum
1100 2983 1275 3066 Cotyaeum

113 3083 144 3163 (ι
167 3103 199 3165 p·
223 3085 281 3146 m
302 3082 385 3165 sn.)
412 3083 435 3163 ι.

69 3327 72 3332 ,
178 3266 203 3335 l)
222 3264 405 3319 Philoteris
423 3265 500 3333 soph.
514 3265 536 3318 I.

179 3353 207 3420 2)
227 3352 301 3405 Orat.
320 3351 353 3404 ll.
372 3351 471 3421 Lysiae
494 3351 564 3405 falso
587 3353 754 3423 adscriptam
779 3371 836 3409 esse
858 3352 980 3406 ostendit
1002 3351 1076 3404 Blass
1097 3351 1276 3407 ›Geschichte

110 3437 159 3491 der
177 3441 228 3492 att.
251 3437 441 3492 Beredsamlr.‹
462 3437 481 3490 l.
501 3437 552 3492 436
572 3457 631 3506 sqq.

178 3524 206 3591 3)
224 3524 265 3586 53,
288 3524 325 3576 14.
347 3523 387 3577 ed.
407 3523 489 3577 Jahn.

176 3610 204 3678 A)
223 3609 360 3663 Rheton'lr
377 3609 425 3662 der
443 3608 577 3664 Griecheu
595 3629 621 3664 u.
640 3612 747 3665 Rtimer.
784 3629 809 3680 p.
829 3612 878 3664 305
898 3628 956 3678 sqq.

177 3696 205 3763 5)
225 3696 311 3750 Walz.
333 3696 401 3750 rhet.
422 3714 462 3764 gr.
485 3697 523 3750 lX
541 3715 566 3766 p.
587 3698 645 3752 287.
666 3700 706 3752 14.

176 3783 203 3850 6)
225 3784 360 3850 Μονῳδίας
382 3799 492 3851 quoque
510 3783 699 3838 Volkmannus
725 3783 951 3852 tractassent,
977 3785 1114 3839 orationes
1135 3786 1273 3854 lugubres,

108 3883 176 3933 quas
198 3865 330 3921 Aristides
350 3868 502 3937 composuit
518 3868 546 3922 in
567 3869 711 3939 Smyrnam
730 3873 820 3924 terrae
839 3872 915 3924 motu
937 3870 1070 3934 deletam,
1096 3871 1227 3926 Libanius
1245 3872 1273 3925 in

106 3951 243 4020 templum
264 3952 402 4022 Apollinis
420 3955 609 4019 combustum,
634 3955 771 4009 Himerius
795 3955 824 4008 in
844 3955 972 4010 Rufinum
998 3955 1084 4010 filium
1110 3959 1201 4010 morte
1224 3957 1271 4010 ab·

108 4039 225 4106 raptum.
