2946 4734
699 240 742 306 39

148 417 337 496 προσώπων
359 415 429 496 ῆθῆ
452 411 507 478 καί
531 415 624 496 πάθη
647 415 890 495 κατώρθωσεν·
915 415 946 477 εἰ
968 409 1055 476 δέτι
1078 412 1225 493 ἄσεμνον
1240 408 1295 475 καί

147 523 318 603 ἄνανδρον
340 517 396 583 καί
427 521 594 601 ταπεινὸν,
629 519 762 603 σφόδρα
785 519 871 582 ἰδεῖν
904 516 995 582 έστιν
1027 515 1131 581 αὐτὸν
1154 516 1294 599 ἠκριβω-

147 629 237 708 κότα,
261 624 318 690 Or.
344 624 408 688 128
431 620 748 707 ε’φελκυστικός
781 621 901 687 ἐστιν
933 619 997 686 άεί
1027 625 1191 704 μᾶλλον
1213 630 1295 684 τῶν

146 738 314 803 θεατῶν
344 728 361 793 ὁ
395 729 542 811 ποιητὴς,
573 729 614 794 οὐ
646 731 834 812 φροντίζων
870 738 937 790 τῶν
971 724 1295 810 ίικριβολογούντων,

147 835 226 900 Tre.
253 833 378 909 1·ὅλος
412 831 465 897 έπί
499 843 560 898 τοῦ
590 832 738 915 θεάτρου
767 831 1006 914 ὁΕὐριπίδης,
1041 829 1105 894 An.
1135 829 1199 894 622
1224 830 1295 892 δια-

147 943 275 1026 λέγεται
312 944 397 1024 πρὸς
413 974 414 980 *
430 944 468 1007 τὸ
499 940 654 1022 θέατρον,
688 939 774 1006 Med.
809 941 872 1004 922
903 938 1075 1022 ἐκφέρεται
1106 947 1150 1024 τῆ
1179 937 1295 1022 ὀχλικῆ

148 1052 314 1134 φαντασίᾳ
348 1049 489 1131 ποιήσας
521 1050 704 1110 κλαίουσαν
735 1043 790 1110 καὶ
820 1045 1093 1129 συμπάσχουσαν,
1124 1042 1295 1108 Phoen.4

147 1150 351 1237 εὐεπίφορος
373 1152 391 1217 ὁ
416 1153 614 1234 Εὐριπίδης,
643 1153 728 1234 πρὸς
750 1153 787 1216 τὸ
811 1154 859 1227 εἰς
888 1149 984 1231 ἕτερα
1007 1150 1171 1231 πρόσωπα
1195 1164 1294 1230 πρεσ-

126 1260 270 1342 4βάτερα
291 1259 353 1341 τὴν
384 1268 452 1322 τῶν
485 1242 746 1340 δυστυχημάτων
769 1260 879 1321 αἰτίαν
901 1253 1092 1339 ἀναφέρειν,
1124 1252 1207 1319 Hec.
1230 1245 1296 1318 254

147 1367 215 1428 ἔστι
247 1373 399 1439 τοιοῦτος
423 1362 439 1428 ὁ
461 1361 659 1444 Εὐριπίδης,
687 1361 877 1444 περιάκτων
910 1360 950 1424 τὰ
981 1358 1055 1424 καθ’
1081 1357 1201 1423 ἑαυτὸν
1224 1369 1293 1433 τοίς

147 1471 284 1552 ἥρωσιν.
331 1467 389 1533 Or.
414 1467 478 1532 640
508 1468 695 1532 annotatur
728 1465 986 1549 ὁΕὐριπίθειος
1015 1467 1182 1547 χαρακτήρ
1196 1462 1228 1547 ¹).
1251 1500 1295 1508 —

147 1575 199 1640 De
221 1571 445 1659 Aeschylo
468 1571 551 1637 haec
573 1570 777 1637 invenimus:
809 1569 930 1636 Aesch.
950 1563 1016 1635 'vit
1041 1591 1065 1634 s.
1089 1568 1164 1633 init.
1187 1569 1294 1651 μόνον

149 1685 241 1762 ζηλοῖ
261 1681 298 1745 τὸ
331 1679 439 1762 βάρος
464 1675 679 1753 περιτιθέναι
703 1688 773 1752 τοίς
806 1677 1007 1757 προσώποις,
1039 1673 1179 1757 άρχαϊον
1208 1667 1294 1737 εἰναι

147 1789 272 1864 κρίνων
294 1794 392 1849 τοῦτο
415 1784 453 1848 τὸ
476 1781 585 1866 μέρος,
609 1780 859 1865 μεγαλοπρεπές
880 1778 993 1851 τεκαὶ
1016 1779 1172 1862 ἡρωϊκὸν,
1196 1779 1234 1843 τὸ
1257 1775 1294 1841 δὲ

147 1898 350 1971 πανοῦργον,
375 1885 608 1969 κομψοπρεπές
629 1884 736 1950 τεκαὶ
759 1886 1010 1968 γνωμολογικόν
1033 1883 1210 1964 ἀλλότριον
1233 1891 1292 1965 τῆς

147 1995 333 2079 τραγῳδίας
366 1993 562 2076 ἡγούμενος,
599 1990 709 2056 Prom.
736 1991 800 2055 355
824 1989 865 2054 οὐ
888 1991 954 2073 μὴν
990 1989 1123 2071 έλειχτὸς
1146 1988 1293 2053 ὁτοιοῦ·

147 2127 213 2178 τος,
238 2102 305 2167 ἀλλ’
332 2103 349 2168 ὁ
383 2103 522 2186 ποιητῆς
551 2102 653 2184 φύσει
683 2113 754 2175 τοῖς
782 2104 965 2180 τεραστίοις
997 2098 1231 2179 ἐξαιρούμενος
1253 2097 1294 2161 οὐ

150 2212 397 2288 λεπτολογείται
420 2207 460 2270 τά
477 2207 664 2289 πράγματα,
687 2203 807 2269 deinde
831 2204 867 2269 ἐκ
882 2214 940 2287 τῆς
961 2213 1123 2286 μουσικῆς
1147 2203 1295 2283 ἰστορίας

148 2299 303 2378 conferas
318 2313 425 2378 verba
447 2314 573 2394 εἰσάγει
597 2313 758 2396 πρόσωπα
781 2310 907 2393 μεγάλα
929 2308 984 2373 καὶ
1007 2308 1169 2392 ἀξιόχρεα,
1193 2305 1292 2372 Dion.

146 2404 256 2482 Helie.
279 2417 301 2482 1.
320 2439 345 2482 ο.
362 2440 395 2503 p.
418 2417 483 2481 422
505 2417 581 2482 Rei.
606 2418 649 2502 (p.
666 2416 726 2484 214
745 2413 817 2500 Us.)
841 2415 905 2480 ὁδ’
930 2411 992 2480 οὖν
1017 2414 1185 2498 Αἰσχύλος
1207 2424 1293 2494 πρῶ-

147 2545 204 2597 τος
224 2523 354 2604 ὑψηλός
376 2546 410 2587 τε
434 2520 487 2586 καί
511 2532 569 2605 τῆς
602 2525 885 2605 μεγαλοπρεπείας
917 2519 1087 2603 ἐχόμενος,
1119 2516 1173 2582 καὶ
1197 2518 1293 2601 ῆθῶν

147 2625 202 2692 καὶ
219 2635 341 2693 παθῶν
362 2630 400 2692 τὸ
422 2626 553 2710 πρέπον
570 2628 676 2704 εἰδώς,
701 2627 742 2691 cf.
756 2626 856 2691 Dion.
871 2623 979 2690 Halic.
998 2624 1038 2688 de
1055 2644 1158 2709 comp.
1175 2623 1292 2688 verbb;

147 2755 173 2798 c.
197 2732 240 2795 22
273 2734 355 2798 κατὰ
388 2734 498 2808 πάθος
532 2731 660 2815 λέγεται
695 2737 822 2814 μᾶλλον
855 2730 875 2814 ῆ
899 2730 980 2793 κατά
1010 2725 1104 2811 ἦθος.
1150 2727 1201 2793 De
1226 2726 1293 2792 So·
1333 2734 1335 2738 “

147 2837 302 2923 phccle
335 2836 417 2903 haec
447 2840 603 2903 exstant:
634 2837 696 2902 vit.
722 2838 792 2902 sub.
816 2837 871 2901 fin.
895 2834 951 2919 ἀφ’
977 2833 1117 2899 ἑκάστου
1147 2836 1184 2898 τὸ
1214 2838 1293 2916 λαμ-

147 2945 234 3023 πρὸν
263 2941 450 3025 άπανθίζει,
481 2942 533 3008 ΕΙ.
559 2943 619 3007 831
652 2941 770 3018 τελέως
800 2941 961 3025 άμῆχανεῑ
989 2940 1007 3005 ὁ
1036 2943 1215 3021 Σοφοκλῆς
1246 2944 1294 3013 εἰς
1381 2996 1385 3005 .

146 3050 225 3120 τοὺς
247 3051 350 3123 θεοὺς
372 3046 663 3134 βλασφημῶν(καί
687 3049 749 3130 γάρ
774 3039 822 3122 εἷς
844 3042 887 3129 ῆν
908 3057 976 3110 τῶν
998 3041 1293 3128 θεοσεβεστάτων),

148 3151 237 3238 quod
260 3151 416 3218 adhibuit
438 3152 620 3219 scholiasta
642 3156 682 3217 nt
694 3152 853 3217 Electrae
876 3171 986 3215 mores
1009 3148 1135 3214 rectius
1159 3147 1293 3213 intelle-

147 3279 285 3342 gamus,
339 3258 382 3322 cf.
427 3257 539 3323 Prom.
579 3258 661 3339 177,
723 3259 987 3341 amoveaturque
1043 3252 1187 3340 suspicio
1232 3265 1292 3319 τοῦ

148 3361 326 3442 ἀπρεποῦς.
351 3362 448 3428 Dion.
472 3361 551 3427 Hal.
576 3363 617 3428 de
640 3369 708 3427 vet.
734 3361 850 3448 script.
875 3382 960 3426 cens,
979 3358 1015 3423 ΙΙ
1032 3358 1070 3422 11
1090 3381 1120 3444 p.
1137 3359 1201 3422 423
1217 3359 1291 3424 Rei.

148 3468 191 3554 (p.
208 3468 285 3535 2111
301 3467 375 3551 Ue.)
392 3472 571 3551 Σοφοκλῆς
594 3466 629 3532 δὲ
654 3468 690 3532 ἐν
712 3479 782 3543 τοῖς
804 3468 919 3552 <ῆθεσι
943 3465 998 3529 καὶ
1020 3464 1106 3551 tots>
1121 3464 1145 3549 2)
1168 3465 1291 3528 πάθεσι

148 3573 323 3655 διῆνεγκεν
353 3574 390 3637 τὸ
427 3584 494 3637 τῶν
528 3570 717 3653 προσώπων
751 3571 876 3655 άξίωμα
913 3582 1032 3654 τηρῶν.
1084 3569 1154 3635 Nec
1191 3567 1293 3634 velim

149 3676 300 3741 omiseris
324 3675 426 3742 schol.
450 3676 505 3740 ni.
530 3676 595 3740 520
618 3679 653 3742 et
677 3681 797 3743 contra
817 3676 898 3742 Hec.
923 3676 996 3740 825.

235 3779 303 3846 Via
326 3779 524 3867 ethopoeiae
548 3780 778 3847 instituendae
800 3779 993 3866 percursa³)
1011 3780 1053 3844 ad
1068 3780 1175 3865 ipsam
1198 3777 1291 3843 etho-

69 3943 75 3951 .
147 3884 278 3970 peciam
300 3884 524 3971 pervenimus,

240 3994 267 4056 l)
287 3989 400 4056 Semper
419 4004 485 4042 sane
505 3988 685 4042 conferendus
700 3990 858 4042 Schwartzii
877 3988 1004 4042 editionis
1023 3986 1109 4040 Index
1121 3986 1291 4054 Analyticus.

237 4082 266 4147 2)
286 4079 330 4132 Sic
349 4079 395 4133 Us.
415 4085 499 4132 recte.

238 4171 266 4236 3)
286 4166 364 4234 Quod
382 4168 410 4219 in
433 4168 588 4220 universum
614 4167 734 4234 pertinet
759 4166 795 4220 ad
814 4168 957 4220 verborum
976 4168 1004 4218 in
1023 4165 1124 4218 fabulis
1144 4165 1205 4229 vim,
1229 4179 1291 4215 cen·

147 4255 222 4312 feras
241 4257 321 4311 velim
340 4273 375 4310 ss.
413 4257 482 4310 Dcn.
503 4256 573 4309 Eun.
594 4259 690 4324 379.1,
710 4259 806 4324 549.1‚
826 4258 891 4310 Ηεο.
911 4259 972 4309 495.
982 4260 1006 4323 2,
1026 4258 1076 4307 An.
1097 4246 1156 4307 72'1.
1171 4258 1193 4318 1,
1213 4267 1291 4320 prac-

148 4347 227 4415 cipue
245 4346 294 4400 Ph.
315 4346 460 4414 63.1,0r.
482 4349 540 4413 168,
564 4345 594 4399 Ο.
606 4346 633 4398 C.
656 4349 732 4399 1437.
