2946 4734
650 359 854 422 -69-

166 545 270 607 Etiam
291 543 322 604 in
341 540 468 604 Tibulli.
489 539 656 620 Propertii,
672 536 776 601 Ovidii
795 536 991 600 carminibus
1010 534 1067 597 nil
1089 534 1169 596 nisi
1194 549 1337 610 argen-

164 651 250 708 tum
279 646 512 706 scortorum
544 641 692 703 ianuas
719 639 886 720 aperire
911 643 1061 722 potest.
1104 634 1257 701 Conferas
1278 638 1337 703 hos

165 745 267 806 locos:

200 826 301 895 uani.
322 840 346 892 11
363 839 389 901 4,
404 837 484 906 resq.

359 924 405 979 sed
424 924 542 994 pretium
562 925 583 979 ri
602 925 707 995 grande
725 927 803 984 feras.
822 927 946 981 custodia
965 926 1071 991 vietast,

336 1034 338 1037 ·
411 1028 461 1065 nec
479 1012 628 1080 prohibent
646 1015 742 1074 claves,
760 1017 789 1068 et
808 1013 883 1067 oanis
902 1013 958 1083 ipse
975 1018 1058 1070 taret.

198 1103 276 1168 Prop.
297 1098 333 1152 lV
352 1100 376 1164 5,
388 1099 421 1150 47
432 1116 471 1166 sq.

358 1184 460 1239 ianitor
479 1185 514 1239 ad
533 1185 629 1239 dantes
646 1184 756 1254 vigilet:
783 1184 805 1238 si
824 1184 915 1252 pulset
933 1184 1031 1249 inanis,

415 1271 510 1324 surdus
528 1271 556 1323 in
577 1270 723 1324 obductam
742 1271 860 1325 somniet
877 1289 962 1340 usque
980 1289 1077 1326 seram.

196 1357 274 1411 Ovid.
294 1373 378 1411 amor.
398 1359 408 1410 Ι
427 1357 452 1422 8,
467 1357 499 1409 ‘ll

358 1442 441 1497 surda
459 1442 495 1496 sit
514 1442 604 1497 oranti
625 1446 675 1496 tua
692 1441 783 1499 ianua.
804 1443 867 1496 laxa
885 1441 992 1496 ferenti.

198 1529 268 1584 Ovid
289 1547 373 1583 amor.
388 1531 422 1582 lll
437 1529 462 1593 8,
475 1529 509 1582 63
518 1547 556 1597 sq.

357 1633 401 1670 me
420 1615 549 1685 prohibet
568 1617 668 1678 eustos,
686 1613 714 1665 in
734 1630 778 1666 me
797 1612 877 1666 timet
894 1613 942 1666 illa
961 1613 1106 1667 maritum:

414 1700 436 1753 si
455 1701 585 1769 dederim,
605 1703 665 1755 tota
683 1698 762 1753 cedet
781 1702 896 1767 uterque
914 1699 1003 1752 domo.

160 1789 253 1852 Talia
278 1810 353 1853 vero
376 1809 441 1853 non
464 1810 503 1852 ex
518 1790 642 1865 Plauto,
666 1787 721 1850 sed
745 1806 784 1849 ex
806 1780 978 1850 comoediis
990 1789 1103 1852 Altieis
1124 1810 1182 1871 per
1194 1790 1334 1855 Alexan-

162 1892 329 1954 drinorum
358 1889 463 1969 elegos
484 1889 515 1952 in
538 1889 704 1952 Romanos
726 1888 907 1967 pervenisse
927 1887 1084 1969 probant:

201 1988 352 2057 Antipater
371 1986 618 2041 Thessalonicensis
636 1985 739 2039 anthol.
758 1985 816 2038 Pal.
836 1986 857 2035 V
877 1985 995 2054 30‚3sq‚

360 2069 395 2143 ἢν
411 2073 466 2145 μὲν
484 2069 539 2145 γὰρ
560 2067 590 2126 τὸ
605 2067 740 2144 χάραγμα
760 2070 854 2144 φέρῃς,
873 2073 960 2139 φίλος,
980 2070 1045 2124 οὔτε
1065 2069 1194 2144 θυρωρὸς

410 2158 442 2213 ἐν
459 2163 548 2225 ποσίν,
569 2157 633 2212 οὔτε
652 2152 726 2210 κύων
743 2160 775 2210 ἐν
791 2153 951 2228 προθύροις
968 2153 1087 2212 δέδεται·

358 2242 391 2316 ἢν
410 2243 438 2298 δ’
458 2239 558 2317 ἑτέρως
576 2244 670 2314 ἔλθῃς,
690 2246 737 2296 καὶ
756 2238 770 2296 ὁ
792 2238 943 2316 Κέρβερος.

193 2334 221 2384 et
239 2333 338 2385 Paulus
355 2331 529 2387 silentiarius
547 2332 650 2385 anthol.
669 2332 728 2385 Pal.
749 2332 771 2380 V
790 2331 849 2398 217,
861 2331 944 2400 3sqq.

746 2412 852 2488 χάλκεα
876 2418 940 2488 νικᾷ

356 2506 448 2579 Ιτείχεα
468 2505 515 2556 καὶ
535 2502 653 2575 δεσμοὺς
668 2508 767 2576 χρυσὸς
789 2499 803 2556 ὃ
819 2500 1017 2576 πανδαμάτωρ·

352 2588 453 2664 χρυσὸς
472 2588 551 2653 ὅλους
572 2595 699 2667 ῥυτῆρας,
719 2590 784 2654 ὅλας
804 2584 916 2665 sintriae
933 2589 1043 2666 ἐλέγχει
1062 2611 1125 2662 eqs,

158 2673 297 2756 denique
319 2679 540 2745 Aristaenetus
572 2703 620 2764 ep.
644 2684 656 2746 l
680 2685 719 2747 14
745 2680 817 2761 τόγε
841 2683 997 2765 ἡμέτερον
1020 2680 1059 2744 οὐ
1080 2678 1235 2758 κωλύσει,
1259 2681 1329 2742 ἀλλ’

157 2773 218 2834 r'rir·
241 2774 393 2856 ἀργύριον
413 2770 441 2863 ᾗ,
465 2783 579 2844 πάντα
600 2786 661 2844 θεῖ
678 2783 885 2845 adtrahatur.

239 2875 310 2939 Huc
333 2898 454 2959 paucos
475 2881 591 2959 Plauti,
614 2883 781 2965 Propertii,
805 2883 909 2946 Ovidii
933 2883 1018 2945 locos
1046 2883 1130 2946 inter
1153 2901 1187 2944 se
1209 2880 1327 2943 similes

156 2974 334 3054 suppleam,
357 2979 474 3059 quibus
497 2986 676 3045 amatorem
695 2984 763 3047 sine
783 2983 920 3064 pecunia
942 2982 1020 3046 nihil
1043 2982 1216 3063 impetrare
1234 3000 1326 3061 posse

155 3071 352 3139 affirmatur:

189 3172 277 3226 Pseud
305 3175 405 3243 aoesq.

349 3278 405 3315 non
424 3266 465 3316 est
483 3282 531 3317 usu
551 3264 694 3332 quisquam
715 3268 831 3326 amator,
850 3264 902 3318 nisi
921 3266 968 3334 qui
988 3268 1135 3335 perpetuat
1154 3265 1228 3335 data,

189 3426 212 3479 Τ
280 3429 288 3481 l
332 3347 403 3412 ‚det
423 3349 470 3403 det
487 3368 585 3418 usque:
605 3352 713 3418 quando
733 3351 771 3404 nil
788 3351 831 3415 sit,
851 3352 930 3404 simul
950 3370 1041 3406 amare
1061 3352 1175 3406 desinat.

213 3445 297 3485 meu,
317 3433 350 3485 76

349 3536 441 3573 amare
461 3523 570 3588 oportet
589 3537 689 3586 omnes,
711 3523 758 3591 qui
777 3523 849 3590 quod
868 3523 942 3584 dent,
962 3522 1075 3577 habent.

187 3606 269 3674 Prop.
288 3607 310 3658 ll
330 3606 371 3670 26,
381 3605 415 3659 28

347 3691 393 3759 qui
414 3691 478 3744 dare
498 3692 587 3745 multa
606 3696 705 3760 potest,
725 3695 813 3746 multa
831 3698 859 3747 et
877 3712 970 3748 amare
988 3697 1086 3763 potest.

186 3773 267 3842 Prop.
285 3775 309 3829 ll
331 3778 370 3840 16,
384 3778 414 3831 15

347 3881 412 3933 ergo
432 3866 592 3919 muneribus
610 3866 698 3933 quivis
718 3869 855 3919 mereatur
875 3867 1015 3920 amorem?

186 3948 264 4001 Ovid.
284 3952 335 4003 art.
355 3951 448 4005 11278

348 4053 414 4091 auro
432 4037 594 4093 conciliatur
613 4054 697 4091 amor.

238 4119 329 4196 Quae
354 4145 427 4188 cum
449 4127 492 4190 ita
516 4127 588 4202 sint,
613 4129 643 4188 el
667 4125 696 4187 in
711 4124 883 4188 comoediis
899 4128 930 4186 el
945 4123 976 4185 in
993 4123 1089 4204 elegis
1111 4127 1323 4187 amatores

147 4237 315 4299 semper
346 4224 394 4287 de
420 4225 542 4290 foeda
569 4224 840 4288 meretricum
872 4222 1321 4303 avaritia-queruntur.
