2946 4734
667 268 886 330 „14-

191 450 301 508 aetate
337 443 529 508 inferiorern
567 445 763 529 scriptorem
798 445 979 527 contineat,
1014 467 1052 509 eo
1077 468 1096 509 a
1120 445 1223 510 simili
1247 446 1363 512 rabo

192 561 406 637 discernitur,
431 561 519 644 quod
544 582 612 624 non
636 560 784 644 quinque
812 568 928 645 poetas
946 561 1067 644 epicos,
1092 562 1152 625 sed
1168 562 1363 646 Panyaside

192 677 315 740 omisso
350 684 484 740 tantum
519 682 678 760 quattuor
713 677 862 761 praebet,
910 677 992 740 item
1029 684 1189 763 quattuor
1227 684 1363 743 tantum

191 793 389 856 recentioris
414 792 605 856 comoediae
629 804 744 877 poetas
762 792 968 876 Apollodoro
993 792 1026 873 (a
1043 794 1071 856 B
1088 794 1170 869 solo)
1195 795 1361 877 neglecto.

192 909 370 972 Praeterea
405 908 632 994 compluribus
667 908 840 991 particulis
880 882 1116 972 transmutatis¹
1151 909 1192 973 ab
1228 911 1296 974 tab.
1325 912 1362 975 M

191 1023 257 1087 tab.
297 1024 323 1087 C
370 1023 498 1098 differt,
546 1023 634 1108 quod
679 1024 809 1087 mediae
857 1024 1123 1108 recentiorisque
1168 1026 1361 1089 comoediae

191 1148 310 1225 poetae
363 1141 449 1203 falso
503 1140 592 1202 inter
647 1140 906 1224 iambographcs
959 1148 993 1203 ct
1042 1146 1158 1224 poetas
1213 1141 1362 1224 tragicos

193 1264 293 1340 atque
328 1264 496 1319 oratorum
532 1255 634 1318 index
668 1255 757 1318 inter
790 1255 934 1319 comicos
971 1262 1085 1340 poetas
1124 1263 1158 1319 et
1193 1257 1361 1340 elegiacos

192 1375 459 1457 interponantur.
501 1373 675 1436 Postremo
700 1377 734 1433 et
757 1371 793 1433 in
818 1372 1113 1453 grammaticorum
1137 1378 1171 1435 et
1194 1372 1231 1436 in
1255 1371 1362 1436 medi·

193 1512 306 1553 corum
323 1489 388 1552 tab.
405 1490 440 1552 M
458 1488 608 1569 catalogo
625 1487 674 1568 (X
687 1492 721 1549 et
733 1486 830 1559 XIV)
848 1487 1033 1571 compluria
1060 1488 1208 1570 nomina,
1239 1487 1362 1573 quibus

192 1605 257 1668 tab.
284 1605 309 1667 O
335 1605 383 1683 (Π
408 1611 440 1666 et
464 1604 506 1680 V)
531 1611 631 1683 caret,
657 1605 788 1682 insunt3
815 1603 873 1665 sed
899 1602 940 1665 de
969 1603 1021 1667 his
1049 1603 1219 1669 indicibus
1247 1613 1367 1690 postea

191 1721 325 1802 plenius
349 1721 445 1784 nobis
470 1719 712 1804 disputandum
737 1718 811 1782 erit.
860 1718 956 1795 Quod
975 1718 1120 1803 denique
1145 1720 1187 1784 ad
1211 1720 1364 1784 codicem

192 1836 223 1900 V
246 1836 393 1920 primurn
428 1858 447 1899 a
481 1835 578 1899 nobis
612 1835 801 1899 adhibitum
837 1835 975 1918 attinet,
1023 1836 1254 1921 apographum
1294 1836 1363 1902 tab.

192 1952 300 2018 Oille
329 1953 532 2035 agnoscitur.
579 1953 667 2015 Nam
694 1957 828 2034 praeter
855 1952 979 2016 multas
1002 1952 1165 2016 lectiones
1189 1952 1288 2016 laude
1313 1951 1364 2016 di·
1438 1972 1443 1985 ·

192 2091 275 2150 gnas
300 2068 333 2131 id
359 2068 467 2131 solum
491 2067 626 2130 maioris
650 2067 813 2131 momenti
838 2077 898 2149 est,
924 2068 1012 2151 quod
1027 2067 1057 2130 V
1073 2075 1113 2131 ut
1127 2067 1194 2132 tab.
1212 2068 1249 2131 Μ
1265 2067 1365 2152 quin-

191 2190 263 2246 tum
288 2185 397 2269 poetis
420 2206 527 2248 novae
552 2183 743 2247 comoediae
768 2183 1010 2268 Apollodorum
1037 2182 1141 2247 addit.

298 2299 543 2384 interpretanti
568 2306 679 2362 autern
705 2321 870 2362 summam
895 2298 1135 2363 difficultatem
1164 2307 1266 2384 atque
1290 2322 1367 2364 mea

192 2416 327 2501 quidem
352 2417 522 2479 sententia
546 2437 653 2499 paene
675 2415 859 2478 tollendam
884 2415 951 2478 tab.
966 2416 1001 2478 M
1019 2411 1037 2497 ξ
1054 2415 1108 2479 ΙΧ
1133 2422 1167 2479 et
1190 2414 1257 2478 tab.
1275 2412 1366 2498 0§I

192 2533 347 2614 afferunt,
372 2532 430 2595 ubi
454 2540 597 2616 poetae
622 2530 847 2595 diversissimi
877 2531 938 2595 sub
963 2530 1184 2615 inscriptione
1209 2519 1280 2591 ὅσοι
1307 2522 1365 2591 dui

191 2641 332 2725 στίχων
360 2641 424 2707 καὶ
460 2637 611 2725 ἰάμβων
648 2654 898 2711 enumerantur.
964 2648 1038 2710 Hoc
1071 2668 1176 2710 unum
1209 2654 1365 2712 constare

190 2766 274 2828 mihi
298 2765 444 2845 videtur,
469 2765 505 2827 in
523 2763 642 2826 harum
666 2763 908 2848 particularum
922 2762 1105 2847 archetypo
1130 2762 1213 2826 duas
1237 2764 1363 2828 colum-

190 2904 250 2944 nas
274 2881 388 2962 luisse‚
415 2902 553 2965 quarum
574 2881 678 2943 altera
702 2885 819 2963 poetas
844 2867 914 2937 doct
941 2870 997 2937 dui
1022 2870 1149 2954 σῑίχων,
1175 2878 1282 2942 altera
1305 2900 1363 2943 eos

190 2986 259 3056 liuor
288 2987 343 3055 dt
369 2987 497 3074 ἰάμβων
521 2995 730 3079 scripserint,
756 2997 930 3080 complexa
954 2995 1009 3058 sit.
1057 2994 1123 3059 Sed
1141 3015 1224 3058 num
1248 2994 1364 3058 arche·

190 3120 293 3197 typus
317 3114 374 3176 ille
399 3113 569 3175 calonna
595 3114 676 3195 ipsa,
715 3133 816 3195 quarn
845 3110 1002 3194 Lagarde
1025 3111 1047 3173 l.
1078 3111 1099 3173 l.
1125 3110 1190 3174 sibi
1213 3109 1364 3192 refinxit,

189 3229 302 3309 fuerit,
329 3228 411 3290 milii
430 3236 558 3291 certum
576 3228 713 3291 omnino
731 3249 799 3290 non
817 3233 876 3290 est.
915 3227 1023 3289 Immo
1040 3248 1120 3290 vero
1143 3226 1282 3290 nomina
1305 3225 1365 3289 illa

190 3347 262 3408 sine
286 3345 355 3407 ulla
378 3344 509 3406 ratione
534 3350 572 3405 ut
596 3344 645 3406 ita
670 3343 779 3406 dicam
805 3344 915 3425 logica
940 3341 1125 3427 composita
1142 3348 1176 3405 et
1199 3341 1364 3405 nonnulla

190 3461 291 3523 etiarn
315 3460 519 3543 interpolata
543 3481 616 3522 esse
641 3459 723 3523 mihi
749 3460 920 3524 videntur.
968 3457 1035 3522 Sed
1059 3457 1100 3521 ad
1118 3457 1178 3521 hos
1195 3456 1364 3521 indiculos

190 3577 407 3640 illustrandos
432 3575 521 3638 haud
546 3576 614 3638 scio
639 3598 680 3638 an
707 3576 872 3638 adducere
886 3575 987 3638 liceat
1004 3581 1252 3638 monstruosam
1276 3572 1364 3637 hanc

189 3700 365 3777 poetarum
400 3690 570 3773 tabellam,
607 3714 706 3775 quarn
731 3714 749 3753 e
774 3690 1049 3755 commentarialo
1074 3689 1115 3753 ab
1140 3690 1269 3753 incerto
1292 3688 1363 3773 By·

190 3809 294 3872 zantii
319 3808 394 3870 aevi
419 3803 611 3888 scriptore¹)
636 3807 816 3891 compilato
841 3806 872 3870 A
893 3804 1038 3887 Hilgard
1064 3806 1099 3869 in
1124 3803 1363 3869 dissertatione

301 4112 322 4165 l)
355 4109 427 4175 llilg.
458 4108 474 4160 l.
504 4108 520 4159 l.
551 4126 575 4175 p.
595 4108 637 4157 222.
671 4106 716 4157 scd
746 4105 865 4157 lllcklrcr
894 4106 979 4159 ..slus
1009 4104 1051 4156 lll
1076 4104 1167 4163 (1821)
1192 4102 1260 4155 116⁶.)
1278 4101 1363 4155 habet

189 4198 280 4251 cudda
307 4197 386 4250 vola
412 4198 539 4265 iuscripta
569 4190 723 4266 ‹lrourjdocr
746 4194 941 4263 σχολιασιικωῡ
964 4200 1002 4251 εἰς
1020 4187 1068 4260 τὴν
1087 4192 1232 4245 dioecetes
1259 4174 1363 4261 nima

191 4290 249 4359 (siu)
268 4288 285 4339 h
306 4305 368 4341 cum
390 4288 457 4339 Vsu.
477 4304 539 4356 app.
562 4289 601 4343 ll.
615 4288 639 4337 l.
660 4286 723 4338 l'ut.
746 4287 814 4335 lllsrll
834 4294 858 4337 d
882 4287 957 4336 1151.
981 4285 1058 4336 Voss.
1079 4286 1120 4335 ill.
