2946 4734
630 374 833 437 ..58-

148 551 315 635 quandam
345 551 478 632 praebet
508 570 581 614 cum
616 551 733 633 Diphili
762 554 944 634 fragmento
972 572 1071 635 supra
1100 553 1199 619 allato
1221 555 1318 619 11111

148 655 208 719 737
220 673 290 735 sqq.
1115 656 1117 661 '

343 751 407 805 vina
425 753 526 821 parant
544 750 649 805 animos
668 750 828 820 faciuntque
846 750 981 806 caloribus
999 755 1093 822 aptos:

394 856 459 892 cura
476 837 551 906 fugit
570 838 658 892 multo
677 837 845 907 diluiturque
864 855 947 893 mero.

343 929 409 981 tunc
428 926 543 980 veniunt
560 924 637 987 risus,
656 928 716 979 tum
735 943 840 995 pauper
858 942 961 980 cornua
978 926 1069 990 sumit,
1098 948 1101 953 ·

397 1017 457 1067 tum
477 1012 555 1066 dolor
573 1016 602 1067 et
619 1028 701 1066 curse
718 1030 841 1082 rugaque
861 1012 960 1067 frontis
978 1012 1046 1078 abit,

347 1104 415 1154 tunc
432 1099 522 1170 aperit
541 1104 645 1154 mentes
665 1115 732 1154 aevo
750 1099 888 1154 rarissima
905 1103 998 1155 nostro

395 1185 557 1257 simplicitas
575 1189 647 1240 artes
666 1185 821 1240 excutiente
839 1186 898 1241 deo.

342 1273 399 1328 illio
417 1291 497 1343 saepe
516 1273 622 1327 animos
639 1273 770 1328 iuvenum
789 1291 903 1344 rapuere
921 1274 1035 1344 puellae,

395 1364 424 1416 et
442 1363 531 1414 Venus
549 1359 578 1413 in
599 1361 670 1414 vinis
687 1361 759 1430 ignis
779 1361 809 1415 in
827 1360 891 1431 igne
910 1361 973 1415 fuit.

342 1448 387 1503 hic
406 1452 437 1502 tu
456 1439 549 1501 fallaci
568 1447 686 1501 nimium
702 1465 736 1503 ne
754 1448 832 1503 crede
853 1450 992 1503 lucernae:
1034 1435 1037 1439 ¹

395 1534 497 1589 indicio
516 1536 621 1590 formae
641 1553 749 1605 noxque
766 1552 926 1605 merumque
944 1538 1052 1590 nocent.

149 1625 190 1678 Cf.
211 1623 288 1677 Ovid.
308 1626 360 1676 art.
379 1622 391 1674 I
411 1623 509 1690 515111.
530 1621 570 1674 Ill
589 1622 640 1676 762
650 1640 704 1690 sq.;
723 1623 820 1676 Horat.
839 1639 922 1676 carm.
941 1622 981 1675 lll
1001 1621 1043 1690 la,
1057 1621 1080 1674 1.

232 1713 319 1775 Duos
337 1729 412 1774 vero
436 1710 595 1792 Euripidis
618 1711 719 1787 locos,
749 1712 802 1793 qui
824 1711 887 1774 huc
908 1711 1084 1793 pertinent,
1114 1711 1317 1793 conglutine-

149 1817 264 1877 verunt
285 1811 487 1891 Antiphanes
508 1814 540 1874 et
559 1811 743 1887 Menander,
767 1831 883 1892 nempe
895 1811 1054 1893 Euripidis
1065 1811 1183 1876 Bacch.
1197 1813 1258 1878 773
1269 1833 1316 1896 sq.

344 1910 422 1962 οἴνου
440 1909 470 1963 δὲ
487 1905 586 1981 μηκέτ’
601 1907 681 1970 ὄντος
696 1913 749 1963 οὐκ
769 1910 844 1964 ἔστιν
866 1912 978 1983 Κύπρις

398 1991 462 2050 οὔδ’
481 1993 545 2049 ἄλλο
566 1992 687 2068 τερπνὸν
704 1992 784 2050 oride'v
804 1994 965 2068 ἀνθρώποις
985 1997 1036 2062 ἔτι,

149 2084 177 2135 et
195 2079 333 2152 Euripidis
352 2082 404 2153 frg.
424 2083 519 2138 incert.
538 2083 598 2151 895,
618 2082 649 2135 N.
670 2102 695 2152 p,
716 2085 765 2136 647

196 2195 198 2199 ¹
343 2167 375 2223 ἐν
392 2169 537 2245 πλησμονῇ
555 2189 598 2222 τοι
621 2166 738 2240 Κύπρις,
759 2168 941 2222 ἑνιπεινώντι
961 2165 991 2220 d'
1010 2166 1052 2233 οὔ,

150 2279 226 2321 narn
250 2258 363 2322 connisi
386 2258 428 2321 illi
452 2259 619 2330 scribuntr

150 2356 300 2425 Antiphan.
320 2356 372 2425 frg.
391 2356 442 2410 ino.
466 2357 525 2417 242,
545 2357 575 2410 K.
596 2355 619 2409 Il
641 2375 666 2426 p.
689 2356 736 2409 117

348 2442 485 2513 πάρεστιν
505 2440 578 2509 ὄψον
592 2440 723 2516 χρηστόν,
742 2438 891 2511 ἐπαγωγὸν
909 2440 991 2504 πάνυ,

345 2525 420 2588 οἶνος
442 2548 472 2582 τε
496 2527 601 2588 Θάσιος
619 2531 666 2582 καὶ
684 2529 836 2600 στέμματα·

345 2611 377 2668 ἓν
395 2615 539 2690 πλησμονῇ
557 2611 612 2687 γὰρ
634 2614 752 2687 Κύπρις,
770 2612 803 2668 ἐν
821 2614 851 2667 de'
872 2621 928 2673 τοῖς
947 2614 1037 2673 κακοῖς

344 2700 514 2775 πράσσουσιν
534 2698 584 2754 οὔκ
603 2701 712 2755 ἔνεστιν
730 2698 868 2773 Ἀφροδίτη
888 2707 1004 2772 βροτοῖς,

147 2790 175 2840 et
194 2787 343 2841 Menander
364 2787 507 2842 Misumeni
526 2789 579 2858 frg.
598 2789 656 2850 345,
677 2788 708 2841 K.
729 2787 766 2840 111
787 2807 813 2858 p.
837 2788 885 2840 100

543 2870 681 2928 oo'nninos’
702 2870 827 2945 η’ροὶσθης
848 2873 939 2935 Pe'tu3

348 2962 395 3015 Γ..·
416 2959 448 3015 οὗ
468 2959 522 3034 γὰρ
544 2960 727 3032 ἐνεπλήσθην·

148 3051 271 3129 Quibus
294 3055 369 3132 apte
390 3050 539 3130 subiungi
563 3054 697 3131 possunt
720 3048 822 3112 Ovidii
847 3068 956 3112 versus
986 3069 1062 3112 rem.
1085 3049 1146 3112 llo
1157 3068 1226 3131 sqq.

394 3149 499 3202 divitiis
516 3149 600 3202 alitur
619 3148 770 3202 luxuriosus
787 3165 872 3202 amor.

343 3253 390 3288 cur
408 3238 514 3289 nemost
533 3235 665 3302 Hecalen,
684 3235 800 3298 nullast,
829 3252 899 3303 quae
920 3233 1023 3304 ceperit
1041 3233 1127 3287 lron‘?

394 3338 493 3391 nempe
511 3320 672 3390 quodalter
690 3338 779 3390 egens,
799 3321 887 3374 altera
906 3337 1012 3390 pauper
1029 3323 1097 3374 erat.

342 3426 396 3462 non
416 3408 508 3471 habet,
528 3408 600 3463 unde
619 3426 697 3461 sunm
716 3411 864 3477 paupertas
880 3410 975 3477 pascat
993 3423 1123 3461 amorem.

231 3512 390 3588 Quoniam
404 3513 563 3595 Euripidis
579 3519 626 3576 est
644 3514 728 3576 facta
746 3514 877 3590 mentio,
902 3513 1023 3589 statim,
1045 3512 1070 3577 si
1093 3511 1209 3594 placet,
1232 3511 1320 3575 aliud

148 3611 215 3674 eius
245 3612 464 3689 enuntiatum,
499 3614 584 3694 quod
614 3612 741 3676 devini
766 3614 806 3676 ad
835 3613 1016 3693 augendam
1048 3611 1257 3693 cupiditatem
1290 3613 1320 3675 vi

149 3711 232 3790 agit,
275 3732 332 3793 per
365 3711 504 3775 ronricos
536 3732 637 3793 usque
670 3714 711 3775 ad
747 3715 903 3794 elegiacos
936 3718 1049 3794 poetas
1076 3732 1320 3794 persequemur.

149 3812 228 3876 Dico
251 3813 359 3892 Auges
383 3813 598 3892 fragmentum
623 3813 698 3890 265,
728 3813 766 3876 N.
790 3815 914 3894 11437,
948 3814 1002 3877 ubi
1025 3812 1177 3879 Hercules
1202 3832 1237 3876 se
1258 3813 1321 3877 hoe

148 3911 244 3974 modo
268 3916 412 3975 excusat:

344 4009 394 4061 νοῦ
412 4008 430 4060 11
434 4004 442 4022 ’
462 4005 537 4067 οἶνος
555 4005 683 4079 ἕξὲστησέ
698 4005 736 4082 μ’.
772 4005 898 4082 ὁμολογῶ
910 4010 947 4062 ’δέ
965 4027 995 4064 σε

346 4092 465 4159 ridearis,
486 4091 515 4147 τὸ
538 4090 567 4146 d'
585 4090 698 4168 1ἷδίκημ’
717 4093 824 4166 ἐγένετ’
844 4093 892 4168 οὔχ
911 4096 1045 4151 ἑκούσιον.

148 4185 182 4248 ln
206 4185 379 4249 comoediis
412 4184 495 4247 enirn
527 4183 673 4262 iuvenes,
706 4186 759 4266 qui
788 4185 866 4248 ebrii
890 4189 988 4248 noctu
1011 4184 1140 4249 obviarn
1164 4180 1320 4265 virginem
