<?xml version="1.0" encoding="UTF-8"?>
<!DOCTYPE html PUBLIC "-//W3C//DTD XHTML 1.0 Transitional//EN"
    "http://www.w3.org/TR/xhtml1/DTD/xhtml1-transitional.dtd">
<html xmlns="http://www.w3.org/1999/xhtml" xml:lang="en" lang="en">
 <head>
  <title>
</title>
<meta http-equiv="Content-Type" content="text/html;charset=utf-8" />
  <meta name='ocr-system' content='tesseract 3.04.00' />
  <meta name='ocr-capabilities' content='ocr_page ocr_carea ocr_par ocr_line ocrx_word'/>
</head>
<body>
  <div class='ocr_page' id='page_1' title='image "./deincertipoetae00schagoog_0102.png"; bbox 0 0 2946 4734; ppageno 0'>
   <div class='ocr_carea' id='block_1_1' title="bbox 702 262 743 326">
    <p class='ocr_par' dir='ltr' id='par_1_1' title="bbox 702 262 743 326">
     <span class='ocr_line' id='line_1_1' title="bbox 702 262 743 326; baseline 0 0"><span class='ocrx_word' id='word_1_1' title='bbox 702 262 743 326; x_wconf 89' lang='grc'><em>17</em></span> 
     </span>
    </p>
   </div>
   <div class='ocr_carea' id='block_1_2' title="bbox 103 425 1301 2101">
    <p class='ocr_par' dir='ltr' id='par_1_2' title="bbox 103 425 1300 1150">
     <span class='ocr_line' id='line_1_2' title="bbox 103 425 1299 524; baseline 0.003 -26"><span class='ocrx_word' id='word_1_2' title='bbox 103 425 105 428; x_wconf 53' lang='grc'><strong>’</strong></span> <span class='ocrx_word' id='word_1_3' title='bbox 150 445 298 520; x_wconf 79' lang='grc' dir='ltr'><em>αυχείται</em></span> <span class='ocrx_word' id='word_1_4' title='bbox 332 457 376 503; x_wconf 89' lang='lat' dir='ltr'><em>so.</em></span> <span class='ocrx_word' id='word_1_5' title='bbox 409 437 428 503; x_wconf 86' lang='grc' dir='ltr'><em>ό</em></span> <span class='ocrx_word' id='word_1_6' title='bbox 460 442 546 512; x_wconf 88' lang='grc' dir='ltr'><em>Αίας</em></span> <span class='ocrx_word' id='word_1_7' title='bbox 587 436 688 502; x_wconf 82' lang='grc' dir='ltr'><em>δποία</em></span> <span class='ocrx_word' id='word_1_8' title='bbox 727 434 782 501; x_wconf 77' lang='grc' dir='ltr'><em>καί</em></span> <span class='ocrx_word' id='word_1_9' title='bbox 814 437 832 503; x_wconf 87' lang='grc' dir='ltr'><em>δ</em></span> <span class='ocrx_word' id='word_1_10' title='bbox 869 437 1042 522; x_wconf 75' lang='grc' dir='ltr'><strong><em>Ἡρακλῆς</em></strong></span> <span class='ocrx_word' id='word_1_11' title='bbox 1072 436 1110 503; x_wconf 76' lang='grc' dir='ltr'><em>ἐν</em></span> <span class='ocrx_word' id='word_1_12' title='bbox 1137 446 1183 524; x_wconf 77' lang='grc' dir='ltr'><em>τῷ</em></span> <span class='ocrx_word' id='word_1_13' title='bbox 1211 436 1299 503; x_wconf 76' lang='grc' dir='ltr'><em>’τέλει</em></span> 
     </span>
     <span class='ocr_line' id='line_1_3' title="bbox 150 527 1299 626; baseline 0.003 -22"><span class='ocrx_word' id='word_1_14' title='bbox 150 539 199 604; x_wconf 80' lang='grc' dir='ltr'><em>ὢν</em></span> <span class='ocrx_word' id='word_1_15' title='bbox 214 537 290 622; x_wconf 78' lang='grc' dir='ltr'><em>περὶ</em></span> <span class='ocrx_word' id='word_1_16' title='bbox 305 550 363 625; x_wconf 78' lang='grc' dir='ltr'><em>τῆς</em></span> <span class='ocrx_word' id='word_1_17' title='bbox 378 540 534 626; x_wconf 77' lang='grc' dir='ltr'><strong><em>ἀνδρείας</em></strong></span> <span class='ocrx_word' id='word_1_18' title='bbox 549 541 654 606; x_wconf 88' lang='grc' dir='ltr'><em>αὑτοῦ</em></span> <span class='ocrx_word' id='word_1_19' title='bbox 677 539 822 623; x_wconf 74' lang='grc' dir='ltr'><em>διέξεισι,</em></span> <span class='ocrx_word' id='word_1_20' title='bbox 846 541 910 607; x_wconf 89' lang='grc'><em>849</em></span> <span class='ocrx_word' id='word_1_21' title='bbox 933 540 987 607; x_wconf 82' lang='grc' dir='ltr'><em>καὶ</em></span> <span class='ocrx_word' id='word_1_22' title='bbox 1010 551 1114 608; x_wconf 78' lang='grc' dir='ltr'><em>ταῦτα</em></span> <span class='ocrx_word' id='word_1_23' title='bbox 1128 527 1299 626; x_wconf 67' lang='grc' dir='ltr'><em>περιπαθῆ</em></span> 
     </span>
     <span class='ocr_line' id='line_1_4' title="bbox 149 642 1300 731; baseline 0.003 -22"><span class='ocrx_word' id='word_1_24' title='bbox 149 642 205 709; x_wconf 82' lang='grc' dir='ltr'><em>καὶ</em></span> <span class='ocrx_word' id='word_1_25' title='bbox 228 645 437 729; x_wconf 81' lang='grc' dir='ltr'><em>ἀνθρώπινα.</em></span> <span class='ocrx_word' id='word_1_26' title='bbox 477 646 540 730; x_wconf 85' lang='grc' dir='ltr'><em>ὅρα</em></span> <span class='ocrx_word' id='word_1_27' title='bbox 555 646 618 730; x_wconf 86' lang='grc' dir='ltr'><em>γάρ</em></span> <span class='ocrx_word' id='word_1_28' title='bbox 635 645 685 710; x_wconf 83' lang='grc' dir='ltr'><em>ὅτι</em></span> <span class='ocrx_word' id='word_1_29' title='bbox 701 644 755 710; x_wconf 78' lang='grc' dir='ltr'><em>καί</em></span> <span class='ocrx_word' id='word_1_30' title='bbox 772 647 791 712; x_wconf 87' lang='grc' dir='ltr'><em>δ</em></span> <span class='ocrx_word' id='word_1_31' title='bbox 809 642 974 731; x_wconf 78' lang='grc' dir='ltr'><strong><em>Ἡρακλῆς</em></strong></span> <span class='ocrx_word' id='word_1_32' title='bbox 995 644 1049 712; x_wconf 79' lang='grc' dir='ltr'><em>ἐπὶ</em></span> <span class='ocrx_word' id='word_1_33' title='bbox 1071 656 1133 713; x_wconf 87' lang='grc' dir='ltr'><em>τοῦ</em></span> <span class='ocrx_word' id='word_1_34' title='bbox 1147 647 1300 713; x_wconf 85' lang='grc' dir='ltr'><em>θανάτου</em></span> 
     </span>
     <span class='ocr_line' id='line_1_5' title="bbox 149 745 1299 836; baseline 0.003 -22"><span class='ocrx_word' id='word_1_35' title='bbox 149 750 212 832; x_wconf 81' lang='grc' dir='ltr'><em>τὴν</em></span> <span class='ocrx_word' id='word_1_36' title='bbox 234 749 359 834; x_wconf 81' lang='grc' dir='ltr'><em>μητέρα</em></span> <span class='ocrx_word' id='word_1_37' title='bbox 381 750 623 836; x_wconf 78' lang='grc' dir='ltr'><em>μεταπέμπεται</em></span> <span class='ocrx_word' id='word_1_38' title='bbox 647 750 734 816; x_wconf 83' lang='grc' dir='ltr'><em>ὅπου</em></span> <span class='ocrx_word' id='word_1_39' title='bbox 756 748 811 816; x_wconf 80' lang='grc' dir='ltr'><em>καὶ</em></span> <span class='ocrx_word' id='word_1_40' title='bbox 828 752 919 816; x_wconf 92' lang='grc' dir='ltr'><em>πάνυ</em></span> <span class='ocrx_word' id='word_1_41' title='bbox 932 754 1072 834; x_wconf 75' lang='grc' dir='ltr'><strong><em>οἰκτρῶς</em></strong></span> <span class='ocrx_word' id='word_1_42' title='bbox 1093 751 1199 836; x_wconf 80' lang='grc' dir='ltr'><em>αὐτὴν</em></span> <span class='ocrx_word' id='word_1_43' title='bbox 1221 745 1299 818; x_wconf 82' lang='grc' dir='ltr'><em>ἀνα-</em></span> 
     </span>
     <span class='ocr_line' id='line_1_6' title="bbox 150 850 1300 940; baseline 0.005 -22"><span class='ocrx_word' id='word_1_44' title='bbox 150 859 262 939; x_wconf 77' lang='grc' dir='ltr'><em>καλεῖ,</em></span> <span class='ocrx_word' id='word_1_45' title='bbox 298 850 456 922; x_wconf 78' lang='lat' dir='ltr'><strong>Lichas</strong></span> <span class='ocrx_word' id='word_1_46' title='bbox 486 857 542 920; x_wconf 81' lang='grc' dir='ltr'><em>διὰ</em></span> <span class='ocrx_word' id='word_1_47' title='bbox 573 857 611 920; x_wconf 85' lang='grc' dir='ltr'><em>τὸ</em></span> <span class='ocrx_word' id='word_1_48' title='bbox 633 855 787 921; x_wconf 77' lang='grc' dir='ltr'><em>ὕποπτον</em></span> <span class='ocrx_word' id='word_1_49' title='bbox 816 854 1000 922; x_wconf 79' lang='lat' dir='ltr'>Deianirae</span> <span class='ocrx_word' id='word_1_50' title='bbox 1031 853 1111 921; x_wconf 74' lang='grc' dir='ltr'><em>οὐδὲ</em></span> <span class='ocrx_word' id='word_1_51' title='bbox 1141 859 1300 940; x_wconf 80' lang='grc' dir='ltr'><em>τὸγένος</em></span> 
     </span>
     <span class='ocr_line' id='line_1_7' title="bbox 150 958 1299 1048; baseline 0.003 -24"><span class='ocrx_word' id='word_1_52' title='bbox 150 958 245 1026; x_wconf 80' lang='lat' dir='ltr'>Iolae</span> <span class='ocrx_word' id='word_1_53' title='bbox 267 961 482 1048; x_wconf 75' lang='grc' dir='ltr'><em>ὡμολόγησεν</em></span> <span class='ocrx_word' id='word_1_54' title='bbox 497 958 621 1026; x_wconf 78' lang='grc' dir='ltr'><em>εἰδέναι</em></span> <span class='ocrx_word' id='word_1_55' title='bbox 646 959 747 1026; x_wconf 86' lang='lat' dir='ltr'>schol.</span> <span class='ocrx_word' id='word_1_56' title='bbox 766 960 845 1026; x_wconf 80' lang='lat' dir='ltr'>Tra.</span> <span class='ocrx_word' id='word_1_57' title='bbox 870 961 944 1042; x_wconf 88' lang='grc'><strong>317,</strong></span> <span class='ocrx_word' id='word_1_58' title='bbox 968 959 1010 1026; x_wconf 86' lang='lat' dir='ltr'><em>cf.</em></span> <span class='ocrx_word' id='word_1_59' title='bbox 1033 960 1108 1042; x_wconf 83' lang='lat'>402,</span> <span class='ocrx_word' id='word_1_60' title='bbox 1131 962 1197 1027; x_wconf 90' lang='grc'><em>404</em></span> <span class='ocrx_word' id='word_1_61' title='bbox 1219 961 1299 1028; x_wconf 86' lang='grc' dir='ltr'><em>ἀπο-</em></span> 
     </span>
     <span class='ocr_line' id='line_1_8' title="bbox 151 1063 611 1150; baseline 0.007 -22"><span class='ocrx_word' id='word_1_62' title='bbox 151 1063 263 1150; x_wconf 79' lang='grc' dir='ltr'><em>δειλιςὶ</em></span> <span class='ocrx_word' id='word_1_63' title='bbox 282 1066 337 1130; x_wconf 83' lang='grc' dir='ltr'><em>διδ</em></span> <span class='ocrx_word' id='word_1_64' title='bbox 358 1066 420 1148; x_wconf 79' lang='grc' dir='ltr'><em>τὴν</em></span> <span class='ocrx_word' id='word_1_65' title='bbox 443 1067 611 1131; x_wconf 78' lang='grc' dir='ltr'><em>δεσπότιν.</em></span> 
     </span>
    </p>

    <p class='ocr_par' dir='ltr' id='par_1_3' title="bbox 238 1168 1025 1256">
     <span class='ocr_line' id='line_1_9' title="bbox 238 1168 1025 1256; baseline 0.001 -21"><span class='ocrx_word' id='word_1_66' title='bbox 238 1169 292 1235; x_wconf 87' lang='lat' dir='ltr'>De</span> <span class='ocrx_word' id='word_1_67' title='bbox 314 1168 475 1236; x_wconf 86' lang='lat' dir='ltr'>Choris</span> <span class='ocrx_word' id='word_1_68' title='bbox 499 1169 692 1256; x_wconf 75' lang='lat' dir='ltr'>Sophocleis</span> <span class='ocrx_word' id='word_1_69' title='bbox 716 1171 809 1236; x_wconf 85' lang='lat' dir='ltr'>infra</span> <span class='ocrx_word' id='word_1_70' title='bbox 831 1169 958 1237; x_wconf 84' lang='lat' dir='ltr'>videas.</span> <span class='ocrx_word' id='word_1_71' title='bbox 983 1209 1025 1217; x_wconf 94' lang='lat'>—</span> 
     </span>
    </p>

    <p class='ocr_par' dir='ltr' id='par_1_4' title="bbox 238 1275 404 1359">
     <span class='ocr_line' id='line_1_10' title="bbox 238 1275 404 1359; baseline 0.006 -18"><span class='ocrx_word' id='word_1_72' title='bbox 238 1275 404 1359; x_wconf 73' lang='lat' dir='ltr'><em>Aeschyli</em></span> 
     </span>
    </p>

    <p class='ocr_par' dir='ltr' id='par_1_5' title="bbox 151 1378 1301 2101">
     <span class='ocr_line' id='line_1_11' title="bbox 238 1378 1298 1466; baseline 0.002 -21"><span class='ocrx_word' id='word_1_73' title='bbox 238 1378 520 1446; x_wconf 77' lang='lat' dir='ltr'><strong>Prometheus</strong></span> <span class='ocrx_word' id='word_1_74' title='bbox 556 1390 610 1446; x_wconf 80' lang='lat' dir='ltr'>est</span> <span class='ocrx_word' id='word_1_75' title='bbox 645 1383 875 1464; x_wconf 73' lang='grc' dir='ltr'><strong><em>μεγαλοφυής,</em></strong></span> <span class='ocrx_word' id='word_1_76' title='bbox 906 1383 1150 1466; x_wconf 77' lang='grc' dir='ltr'><em>μισοπόνηρος,</em></span> <span class='ocrx_word' id='word_1_77' title='bbox 1180 1382 1298 1465; x_wconf 85' lang='grc' dir='ltr'><em>φιίάν-</em></span> 
     </span>
     <span class='ocr_line' id='line_1_12' title="bbox 151 1484 1301 1572; baseline 0.003 -22"><span class='ocrx_word' id='word_1_78' title='bbox 151 1492 291 1567; x_wconf 82' lang='grc' dir='ltr'><em>θρωπος</em></span> <span class='ocrx_word' id='word_1_79' title='bbox 319 1484 472 1572; x_wconf 82' lang='lat' dir='ltr'>idemque</span> <span class='ocrx_word' id='word_1_80' title='bbox 501 1487 719 1570; x_wconf 82' lang='grc' dir='ltr'><em>ὑπερήφανος</em></span> <span class='ocrx_word' id='word_1_81' title='bbox 748 1487 784 1551; x_wconf 76' lang='lat' dir='ltr'>eh</span> <span class='ocrx_word' id='word_1_82' title='bbox 829 1487 958 1570; x_wconf 83' lang='grc' dir='ltr'><em>ἀφοβος</em></span> <span class='ocrx_word' id='word_1_83' title='bbox 997 1507 1074 1552; x_wconf 86' lang='lat' dir='ltr'><em>nam</em></span> <span class='ocrx_word' id='word_1_84' title='bbox 1109 1490 1301 1570; x_wconf 82' lang='grc' dir='ltr'><em>φιλονεικαῖ</em></span> 
     </span>
     <span class='ocr_line' id='line_1_13' title="bbox 151 1589 1299 1678; baseline 0.003 -24"><span class='ocrx_word' id='word_1_85' title='bbox 151 1600 197 1678; x_wconf 79' lang='grc' dir='ltr'><em>τῷ</em></span> <span class='ocrx_word' id='word_1_86' title='bbox 211 1593 275 1655; x_wconf 82' lang='grc' dir='ltr'><em>Διΐ</em></span> <span class='ocrx_word' id='word_1_87' title='bbox 287 1589 360 1676; x_wconf 86' lang='lat' dir='ltr'>ipsi,</span> <span class='ocrx_word' id='word_1_88' title='bbox 384 1597 616 1673; x_wconf 81' lang='grc' dir='ltr'><em>θρασυστομεί</em></span> <span class='ocrx_word' id='word_1_89' title='bbox 636 1591 717 1655; x_wconf 90' lang='grc' dir='ltr'><em>κατά</em></span> <span class='ocrx_word' id='word_1_90' title='bbox 740 1593 835 1671; x_wconf 90' lang='grc' dir='ltr'><em>Διός,</em></span> <span class='ocrx_word' id='word_1_91' title='bbox 858 1590 1098 1657; x_wconf 76' lang='grc' dir='ltr'><em>ἀποδείκνυσιν</em></span> <span class='ocrx_word' id='word_1_92' title='bbox 1120 1592 1299 1677; x_wconf 79' lang='grc' dir='ltr'><em>ἀχάριστον</em></span> 
     </span>
     <span class='ocr_line' id='line_1_14' title="bbox 151 1692 1297 1781; baseline 0.003 -21"><span class='ocrx_word' id='word_1_93' title='bbox 151 1692 206 1760; x_wconf 78' lang='grc' dir='ltr'><em>καί</em></span> <span class='ocrx_word' id='word_1_94' title='bbox 230 1695 407 1780; x_wconf 76' lang='grc' dir='ltr'><em>ἀγνώμονα</em></span> <span class='ocrx_word' id='word_1_95' title='bbox 428 1698 488 1761; x_wconf 86' lang='grc' dir='ltr'><em>τὸυ</em></span> <span class='ocrx_word' id='word_1_96' title='bbox 511 1695 665 1781; x_wconf 83' lang='grc' dir='ltr'><em>Δία(88,</em></span> <span class='ocrx_word' id='word_1_97' title='bbox 688 1696 761 1774; x_wconf 88' lang='grc'><strong>177,</strong></span> <span class='ocrx_word' id='word_1_98' title='bbox 786 1694 859 1776; x_wconf 80' lang='lat'><strong>231,</strong></span> <span class='ocrx_word' id='word_1_99' title='bbox 883 1696 956 1777; x_wconf 77' lang='lat'><em>935,</em></span> <span class='ocrx_word' id='word_1_100' title='bbox 981 1695 1061 1779; x_wconf 79' lang='grc'><strong>472,</strong></span> <span class='ocrx_word' id='word_1_101' title='bbox 1092 1698 1195 1763; x_wconf 85' lang='grc' dir='ltr'><em>ὑποθ.</em></span> <span class='ocrx_word' id='word_1_102' title='bbox 1219 1720 1297 1781; x_wconf 80' lang='lat' dir='ltr'>rea,</span> 
     </span>
     <span class='ocr_line' id='line_1_15' title="bbox 153 1797 1298 1885; baseline 0.003 -20"><span class='ocrx_word' id='word_1_103' title='bbox 153 1801 217 1866; x_wconf 83' lang='lat'><em>199</em></span> <span class='ocrx_word' id='word_1_104' title='bbox 240 1801 335 1884; x_wconf 85' lang='lat' dir='ltr'>rec.);</span> <span class='ocrx_word' id='word_1_105' title='bbox 365 1800 390 1868; x_wconf 82' lang='lat' dir='ltr'>J</span> <span class='ocrx_word' id='word_1_106' title='bbox 399 1823 418 1866; x_wconf 96' lang='lat' dir='ltr'>o</span> <span class='ocrx_word' id='word_1_107' title='bbox 442 1800 589 1884; x_wconf 75' lang='grc' dir='ltr'><em>ἐμμανὴς</em></span> <span class='ocrx_word' id='word_1_108' title='bbox 620 1797 704 1866; x_wconf 85' lang='grc' dir='ltr'><em>οὖσα</em></span> <span class='ocrx_word' id='word_1_109' title='bbox 737 1801 804 1865; x_wconf 86' lang='grc' dir='ltr'><em>ὑπό</em></span> <span class='ocrx_word' id='word_1_110' title='bbox 838 1810 899 1866; x_wconf 84' lang='grc' dir='ltr'><em>τοῦ</em></span> <span class='ocrx_word' id='word_1_111' title='bbox 933 1807 1071 1884; x_wconf 88' lang='grc' dir='ltr'><em>οίστρου</em></span> <span class='ocrx_word' id='word_1_112' title='bbox 1101 1803 1298 1885; x_wconf 73' lang='grc' dir='ltr'><em>φαντάζεται</em></span> 
     </span>
     <span class='ocr_line' id='line_1_16' title="bbox 153 1905 1299 1991; baseline 0.001 -20"><span class='ocrx_word' id='word_1_113' title='bbox 153 1906 230 1991; x_wconf 84' lang='grc'><strong>(567</strong></span> <span class='ocrx_word' id='word_1_114' title='bbox 240 1905 330 1990; x_wconf 82' lang='lat' dir='ltr'>reo),</span> <span class='ocrx_word' id='word_1_115' title='bbox 355 1907 399 1983; x_wconf 77' lang='grc' dir='ltr'><em>ὡς</em></span> <span class='ocrx_word' id='word_1_116' title='bbox 422 1917 564 1989; x_wconf 81' lang='grc' dir='ltr'><em>γυναῖκα</em></span> <span class='ocrx_word' id='word_1_117' title='bbox 587 1906 727 1988; x_wconf 80' lang='grc' dir='ltr'><em>μάλιστα</em></span> <span class='ocrx_word' id='word_1_118' title='bbox 751 1905 856 1989; x_wconf 79' lang='grc' dir='ltr'><em>αὐτὴν</em></span> <span class='ocrx_word' id='word_1_119' title='bbox 880 1911 979 1970; x_wconf 83' lang='grc' dir='ltr'><em>λυπεῖ</em></span> <span class='ocrx_word' id='word_1_120' title='bbox 998 1909 1037 1970; x_wconf 86' lang='grc' dir='ltr'><em>τὸ</em></span> <span class='ocrx_word' id='word_1_121' title='bbox 1057 1916 1116 1989; x_wconf 79' lang='grc' dir='ltr'><em>τῆς</em></span> <span class='ocrx_word' id='word_1_122' title='bbox 1131 1907 1299 1991; x_wconf 81' lang='grc' dir='ltr'><em>ἀμορφίας</em></span> 
     </span>
     <span class='ocr_line' id='line_1_17' title="bbox 153 2010 1297 2101; baseline 0.003 -27"><span class='ocrx_word' id='word_1_123' title='bbox 153 2011 254 2097; x_wconf 89' lang='grc'><strong>(644),</strong></span> <span class='ocrx_word' id='word_1_124' title='bbox 278 2014 488 2096; x_wconf 84' lang='grc' dir='ltr'><em>δυσχεραίνει</em></span> <span class='ocrx_word' id='word_1_125' title='bbox 512 2010 565 2076; x_wconf 83' lang='grc' dir='ltr'><em>ἐπὶ</em></span> <span class='ocrx_word' id='word_1_126' title='bbox 580 2022 651 2088; x_wconf 72' lang='grc' dir='ltr'><em>τοῖς</em></span> <span class='ocrx_word' id='word_1_127' title='bbox 667 2010 914 2095; x_wconf 79' lang='grc' dir='ltr'><em>ῥηθησομένοις</em></span> <span class='ocrx_word' id='word_1_128' title='bbox 928 2011 1029 2097; x_wconf 84' lang='grc'><strong>(742),</strong></span> <span class='ocrx_word' id='word_1_129' title='bbox 1053 2012 1183 2078; x_wconf 79' lang='grc' dir='ltr'><em>ἀπιστεῖ</em></span> <span class='ocrx_word' id='word_1_130' title='bbox 1198 2014 1297 2101; x_wconf 81' lang='grc'><strong>(757),</strong></span> 
     </span>
    </p>
   </div>
   <div class='ocr_carea' id='block_1_3' title="bbox 154 2116 1397 2204">
    <p class='ocr_par' dir='ltr' id='par_1_6' title="bbox 154 2116 1397 2204">
     <span class='ocr_line' id='line_1_18' title="bbox 154 2116 1397 2204; baseline 0.002 -21"><span class='ocrx_word' id='word_1_131' title='bbox 154 2117 214 2183; x_wconf 85' lang='lat' dir='ltr'>sed</span> <span class='ocrx_word' id='word_1_132' title='bbox 229 2125 474 2200; x_wconf 77' lang='grc' dir='ltr'><em>παραμυθεῖται</em></span> <span class='ocrx_word' id='word_1_133' title='bbox 496 2118 556 2182; x_wconf 89' lang='grc' dir='ltr'><em>τὸν</em></span> <span class='ocrx_word' id='word_1_134' title='bbox 572 2116 758 2201; x_wconf 76' lang='grc' dir='ltr'><em>Προμηθέα</em></span> <span class='ocrx_word' id='word_1_135' title='bbox 781 2116 870 2202; x_wconf 79' lang='grc'><strong>(561)</strong></span> <span class='ocrx_word' id='word_1_136' title='bbox 879 2140 886 2200; x_wconf 85' lang='grc'><strong>,</strong></span> <span class='ocrx_word' id='word_1_137' title='bbox 911 2116 987 2183; x_wconf 88' lang='lat' dir='ltr'><em>Vis</em></span> <span class='ocrx_word' id='word_1_138' title='bbox 1011 2117 1157 2204; x_wconf 77' lang='grc' dir='ltr'><em>(κράτος)</em></span> <span class='ocrx_word' id='word_1_139' title='bbox 1179 2118 1299 2185; x_wconf 75' lang='lat' dir='ltr'>habitu</span> <span class='ocrx_word' id='word_1_140' title='bbox 1395 2189 1397 2194; x_wconf 69' lang='grc'><strong>,</strong></span> 
     </span>
    </p>
   </div>
   <div class='ocr_carea' id='block_1_4' title="bbox 148 2220 1300 4303">
    <p class='ocr_par' dir='ltr' id='par_1_7' title="bbox 153 2220 1079 2308">
     <span class='ocr_line' id='line_1_19' title="bbox 153 2220 1079 2308; baseline -0.001 -20"><span class='ocrx_word' id='word_1_141' title='bbox 153 2224 256 2308; x_wconf 75' lang='lat' dir='ltr'>eique</span> <span class='ocrx_word' id='word_1_142' title='bbox 280 2225 420 2308; x_wconf 74' lang='lat' dir='ltr'>aspechu</span> <span class='ocrx_word' id='word_1_143' title='bbox 442 2221 533 2287; x_wconf 80' lang='lat' dir='ltr'>hruei</span> <span class='ocrx_word' id='word_1_144' title='bbox 556 2221 623 2308; x_wconf 83' lang='grc'><strong>(78)</strong></span> <span class='ocrx_word' id='word_1_145' title='bbox 648 2221 788 2302; x_wconf 79' lang='grc' dir='ltr'><em>ἐρεθίζει</em></span> <span class='ocrx_word' id='word_1_146' title='bbox 803 2220 999 2305; x_wconf 84' lang='grc' dir='ltr'><em>Ἥφαιστον</em></span> <span class='ocrx_word' id='word_1_147' title='bbox 1023 2221 1079 2306; x_wconf 90' lang='grc'><em>(7)</em></span> 
     </span>
    </p>

    <p class='ocr_par' dir='ltr' id='par_1_8' title="bbox 151 2325 1300 2516">
     <span class='ocr_line' id='line_1_20' title="bbox 242 2325 1300 2412; baseline 0.001 -20"><span class='ocrx_word' id='word_1_148' title='bbox 242 2325 374 2412; x_wconf 74' lang='lat' dir='ltr'>Septem</span> <span class='ocrx_word' id='word_1_149' title='bbox 392 2326 529 2392; x_wconf 85' lang='lat' dir='ltr'>fabulae</span> <span class='ocrx_word' id='word_1_150' title='bbox 545 2325 767 2392; x_wconf 73' lang='lat' dir='ltr'>Eteoclem</span> <span class='ocrx_word' id='word_1_151' title='bbox 791 2325 826 2390; x_wconf 93' lang='lat' dir='ltr'><em>id</em></span> <span class='ocrx_word' id='word_1_152' title='bbox 842 2325 930 2412; x_wconf 91' lang='lat' dir='ltr'>quod</span> <span class='ocrx_word' id='word_1_153' title='bbox 946 2325 1030 2392; x_wconf 79' lang='lat' dir='ltr'>dicit</span> <span class='ocrx_word' id='word_1_154' title='bbox 1046 2329 1144 2409; x_wconf 80' lang='grc' dir='ltr'><em>δηλοῖ</em></span> <span class='ocrx_word' id='word_1_155' title='bbox 1165 2327 1300 2412; x_wconf 84' lang='grc' dir='ltr'><em>ἀληθῶς</em></span> 
     </span>
     <span class='ocr_line' id='line_1_21' title="bbox 151 2429 484 2516; baseline 0 -20"><span class='ocrx_word' id='word_1_156' title='bbox 151 2432 363 2515; x_wconf 84' lang='grc' dir='ltr'><em>ὀργιζόμετον</em></span> <span class='ocrx_word' id='word_1_157' title='bbox 386 2429 484 2516; x_wconf 93' lang='grc'><strong>(197).</strong></span> 
     </span>
    </p>

    <p class='ocr_par' dir='ltr' id='par_1_9' title="bbox 150 2535 1300 2729">
     <span class='ocr_line' id='line_1_22' title="bbox 237 2535 1300 2622; baseline 0.003 -21"><span class='ocrx_word' id='word_1_158' title='bbox 237 2536 500 2622; x_wconf 83' lang='lat' dir='ltr'>Agamemnonis</span> <span class='ocrx_word' id='word_1_159' title='bbox 533 2535 669 2602; x_wconf 87' lang='lat' dir='ltr'>fabulae</span> <span class='ocrx_word' id='word_1_160' title='bbox 702 2535 948 2602; x_wconf 83' lang='lat' dir='ltr'>Cassandra</span> <span class='ocrx_word' id='word_1_161' title='bbox 988 2550 1229 2621; x_wconf 83' lang='grc' dir='ltr'><em>προαναφωνεί</em></span> <span class='ocrx_word' id='word_1_162' title='bbox 1260 2541 1300 2604; x_wconf 84' lang='grc' dir='ltr'><em>τὰ</em></span> 
     </span>
     <span class='ocr_line' id='line_1_23' title="bbox 150 2639 434 2729; baseline 0.007 -24"><span class='ocrx_word' id='word_1_163' title='bbox 150 2639 292 2724; x_wconf 77' lang='grc' dir='ltr'><em>ἐσόμενα</em></span> <span class='ocrx_word' id='word_1_164' title='bbox 314 2642 434 2729; x_wconf 81' lang='grc'><strong>(1075).</strong></span> 
     </span>
    </p>

    <p class='ocr_par' dir='ltr' id='par_1_10' title="bbox 151 2745 1299 3041">
     <span class='ocr_line' id='line_1_24' title="bbox 239 2745 1299 2834; baseline 0 -22"><span class='ocrx_word' id='word_1_165' title='bbox 239 2745 1299 2834; x_wconf 55' lang='lat' dir='ltr'>ChocphororumfabulaeClyiaemnestracaenomanicae</span> 
     </span>
     <span class='ocr_line' id='line_1_25' title="bbox 151 2851 1298 2938; baseline 0.001 -22"><span class='ocrx_word' id='word_1_166' title='bbox 151 2851 257 2936; x_wconf 88' lang='grc'><strong>(600),</strong></span> <span class='ocrx_word' id='word_1_167' title='bbox 273 2851 510 2938; x_wconf 80' lang='lat' dir='ltr'>Aegisthus</span> <span class='ocrx_word' id='word_1_168' title='bbox 527 2853 671 2928; x_wconf 76' lang='grc' dir='ltr'><em>ὕπουλος</em></span> <span class='ocrx_word' id='word_1_169' title='bbox 686 2852 791 2938; x_wconf 85' lang='grc'><strong>(841),</strong></span> <span class='ocrx_word' id='word_1_170' title='bbox 805 2852 846 2918; x_wconf 89' lang='lat' dir='ltr'>de</span> <span class='ocrx_word' id='word_1_171' title='bbox 863 2852 1045 2920; x_wconf 69' lang='lat' dir='ltr'>Nutriee</span> <span class='ocrx_word' id='word_1_172' title='bbox 1061 2852 1298 2918; x_wconf 85' lang='lat' dir='ltr'>eonferendum</span> 
     </span>
     <span class='ocr_line' id='line_1_26' title="bbox 151 2957 889 3041; baseline 0.001 -20"><span class='ocrx_word' id='word_1_173' title='bbox 151 2979 177 3022; x_wconf 82' lang='lat' dir='ltr'><em>s.</em></span> <span class='ocrx_word' id='word_1_174' title='bbox 203 2958 267 3022; x_wconf 79' lang='lat'><em>755</em></span> <span class='ocrx_word' id='word_1_175' title='bbox 290 2957 439 3041; x_wconf 89' lang='grc' dir='ltr'><em>ἀνάγκηυ</em></span> <span class='ocrx_word' id='word_1_176' title='bbox 461 2959 516 3022; x_wconf 89' lang='grc' dir='ltr'><em>διά</em></span> <span class='ocrx_word' id='word_1_177' title='bbox 540 2958 696 3040; x_wconf 85' lang='grc' dir='ltr'><em>δακρύων</em></span> <span class='ocrx_word' id='word_1_178' title='bbox 719 2957 889 3041; x_wconf 79' lang='grc' dir='ltr'><em>ἐπέφερεν.</em></span> 
     </span>
    </p>

    <p class='ocr_par' dir='ltr' id='par_1_11' title="bbox 150 3061 1298 3569">
     <span class='ocr_line' id='line_1_27' title="bbox 238 3061 1297 3148; baseline 0.001 -21"><span class='ocrx_word' id='word_1_179' title='bbox 238 3061 459 3129; x_wconf 86' lang='lat' dir='ltr'>Eumenidum</span> <span class='ocrx_word' id='word_1_180' title='bbox 470 3062 606 3129; x_wconf 85' lang='lat' dir='ltr'>fabulae</span> <span class='ocrx_word' id='word_1_181' title='bbox 621 3062 1010 3148; x_wconf 75' lang='lat' dir='ltr'>Clytaemestrae</span> <span class='ocrx_word' id='word_1_182' title='bbox 1026 3065 1167 3128; x_wconf 86' lang='grc' dir='ltr'><em>είδωλου</em></span> <span class='ocrx_word' id='word_1_183' title='bbox 1190 3062 1297 3128; x_wconf 85' lang='lat' dir='ltr'>furias</span> 
     </span>
     <span class='ocr_line' id='line_1_28' title="bbox 153 3167 1297 3254; baseline 0.002 -23"><span class='ocrx_word' id='word_1_184' title='bbox 153 3167 293 3250; x_wconf 77' lang='grc' dir='ltr'><em>ἐρεθίζει</em></span> <span class='ocrx_word' id='word_1_185' title='bbox 329 3168 436 3254; x_wconf 89' lang='grc'><strong>(113),</strong></span> <span class='ocrx_word' id='word_1_186' title='bbox 488 3167 668 3233; x_wconf 73' lang='lat' dir='ltr'>Orestes</span> <span class='ocrx_word' id='word_1_187' title='bbox 702 3168 890 3233; x_wconf 81' lang='lat' dir='ltr'>Minervam</span> <span class='ocrx_word' id='word_1_188' title='bbox 935 3172 1158 3250; x_wconf 83' lang='grc' dir='ltr'><em>φιλοποιεῑται</em></span> <span class='ocrx_word' id='word_1_189' title='bbox 1194 3168 1297 3253; x_wconf 81' lang='grc'><strong>(467),</strong></span> 
     </span>
     <span class='ocr_line' id='line_1_29' title="bbox 150 3272 1298 3357; baseline 0 -20"><span class='ocrx_word' id='word_1_190' title='bbox 150 3272 344 3338; x_wconf 85' lang='lat' dir='ltr'>Minerva</span> <span class='ocrx_word' id='word_1_191' title='bbox 368 3273 400 3339; x_wconf 91' lang='lat' dir='ltr'>ei</span> <span class='ocrx_word' id='word_1_192' title='bbox 429 3274 565 3349; x_wconf 81' lang='grc' dir='ltr'><em>ἐλπίδας</em></span> <span class='ocrx_word' id='word_1_193' title='bbox 587 3275 769 3356; x_wconf 81' lang='grc' dir='ltr'><em>ὑποτίθησι</em></span> <span class='ocrx_word' id='word_1_194' title='bbox 794 3273 902 3357; x_wconf 89' lang='grc'><strong>(474),</strong></span> <span class='ocrx_word' id='word_1_195' title='bbox 936 3272 1070 3337; x_wconf 83' lang='lat' dir='ltr'>Furia</span> <span class='ocrx_word' id='word_1_196' title='bbox 1100 3275 1298 3357; x_wconf 84' lang='grc' dir='ltr'><em>πανούργως</em></span> 
     </span>
     <span class='ocr_line' id='line_1_30' title="bbox 152 3376 1298 3461; baseline -0.001 -19"><span class='ocrx_word' id='word_1_197' title='bbox 152 3382 240 3461; x_wconf 86' lang='grc' dir='ltr'><em>φησί</em></span> <span class='ocrx_word' id='word_1_198' title='bbox 271 3377 359 3461; x_wconf 88' lang='grc'><strong>(601)</strong></span> <span class='ocrx_word' id='word_1_199' title='bbox 391 3380 426 3443; x_wconf 78' lang='lat' dir='ltr'>et</span> <span class='ocrx_word' id='word_1_200' title='bbox 459 3400 571 3443; x_wconf 89' lang='lat' dir='ltr'>omnes</span> <span class='ocrx_word' id='word_1_201' title='bbox 594 3378 707 3443; x_wconf 84' lang='lat' dir='ltr'>furiae</span> <span class='ocrx_word' id='word_1_202' title='bbox 730 3376 906 3460; x_wconf 85' lang='grc' dir='ltr'><em>τρέπονται</em></span> <span class='ocrx_word' id='word_1_203' title='bbox 930 3377 977 3441; x_wconf 84' lang='grc' dir='ltr'><em>ἐπ’</em></span> <span class='ocrx_word' id='word_1_204' title='bbox 1004 3377 1140 3454; x_wconf 85' lang='grc' dir='ltr'><em>ἀπειλὰς</em></span> <span class='ocrx_word' id='word_1_205' title='bbox 1164 3377 1298 3460; x_wconf 79' lang='grc' dir='ltr'><em>ἀφεῖσαι</em></span> 
     </span>
     <span class='ocr_line' id='line_1_31' title="bbox 150 3483 586 3569; baseline 0.002 -22"><span class='ocrx_word' id='word_1_206' title='bbox 150 3485 212 3567; x_wconf 80' lang='grc' dir='ltr'><em>τὴν</em></span> <span class='ocrx_word' id='word_1_207' title='bbox 236 3485 464 3566; x_wconf 87' lang='grc' dir='ltr'><em>δικαιολογίαν</em></span> <span class='ocrx_word' id='word_1_208' title='bbox 487 3483 586 3569; x_wconf 91' lang='grc'><strong>(719).</strong></span> 
     </span>
    </p>

    <p class='ocr_par' dir='ltr' id='par_1_12' title="bbox 239 3587 626 3654">
     <span class='ocr_line' id='line_1_32' title="bbox 239 3587 626 3654; baseline 0 -1"><span class='ocrx_word' id='word_1_209' title='bbox 239 3587 325 3653; x_wconf 89' lang='lat' dir='ltr'>Inde</span> <span class='ocrx_word' id='word_1_210' title='bbox 348 3597 559 3654; x_wconf 82' lang='lat' dir='ltr'>transeamus</span> <span class='ocrx_word' id='word_1_211' title='bbox 584 3588 626 3653; x_wconf 86' lang='lat' dir='ltr'><em>ad</em></span> 
     </span>
    </p>

    <p class='ocr_par' dir='ltr' id='par_1_13' title="bbox 148 3691 1299 4303">
     <span class='ocr_line' id='line_1_33' title="bbox 238 3691 1297 3779; baseline -0.001 -21"><span class='ocrx_word' id='word_1_212' title='bbox 238 3691 368 3758; x_wconf 85' lang='lat' dir='ltr'>Chori</span> <span class='ocrx_word' id='word_1_213' title='bbox 384 3691 439 3758; x_wconf 89' lang='lat' dir='ltr'>vel</span> <span class='ocrx_word' id='word_1_214' title='bbox 449 3692 636 3758; x_wconf 82' lang='lat' dir='ltr'>Chororum</span> <span class='ocrx_word' id='word_1_215' title='bbox 651 3692 859 3779; x_wconf 78' lang='lat' dir='ltr'>tragicorum</span> <span class='ocrx_word' id='word_1_216' title='bbox 875 3693 1069 3758; x_wconf 76' lang='lat' dir='ltr'>notationes</span> <span class='ocrx_word' id='word_1_217' title='bbox 1084 3692 1297 3758; x_wconf 86' lang='lat' dir='ltr'>exhibendas.</span> 
     </span>
     <span class='ocr_line' id='line_1_34' title="bbox 151 3795 1297 3884; baseline 0 -22"><span class='ocrx_word' id='word_1_218' title='bbox 151 3795 282 3863; x_wconf 85' lang='lat' dir='ltr'>Chorus</span> <span class='ocrx_word' id='word_1_219' title='bbox 306 3798 394 3862; x_wconf 87' lang='lat' dir='ltr'>enim</span> <span class='ocrx_word' id='word_1_220' title='bbox 416 3797 547 3883; x_wconf 74' lang='lat' dir='ltr'>etipse</span> <span class='ocrx_word' id='word_1_221' title='bbox 570 3820 715 3884; x_wconf 87' lang='lat' dir='ltr'>persona</span> <span class='ocrx_word' id='word_1_222' title='bbox 738 3803 791 3864; x_wconf 74' lang='lat' dir='ltr'>est</span> <span class='ocrx_word' id='word_1_223' title='bbox 814 3797 963 3879; x_wconf 85' lang='lat' dir='ltr'>fabulae,</span> <span class='ocrx_word' id='word_1_224' title='bbox 988 3798 1030 3863; x_wconf 86' lang='lat' dir='ltr'><em>cf.</em></span> <span class='ocrx_word' id='word_1_225' title='bbox 1053 3797 1202 3862; x_wconf 63' lang='lat' dir='ltr'>Ariston.</span> <span class='ocrx_word' id='word_1_226' title='bbox 1219 3819 1248 3862; x_wconf 85' lang='lat' dir='ltr'><em>a.</em></span> <span class='ocrx_word' id='word_1_227' title='bbox 1266 3821 1297 3884; x_wconf 93' lang='lat' dir='ltr'><em>p.</em></span> 
     </span>
     <span class='ocr_line' id='line_1_35' title="bbox 152 3900 1298 3989; baseline -0.001 -23"><span class='ocrx_word' id='word_1_228' title='bbox 152 3903 193 3966; x_wconf 87' lang='lat'><em>18</em></span> <span class='ocrx_word' id='word_1_229' title='bbox 215 3924 247 3989; x_wconf 89' lang='lat' dir='ltr'><em>p.</em></span> <span class='ocrx_word' id='word_1_230' title='bbox 273 3901 390 3969; x_wconf 81' lang='lat' dir='ltr'>1456a</span> <span class='ocrx_word' id='word_1_231' title='bbox 412 3900 466 3966; x_wconf 80' lang='grc' dir='ltr'><em>καὶ</em></span> <span class='ocrx_word' id='word_1_232' title='bbox 488 3905 547 3967; x_wconf 88' lang='grc' dir='ltr'><em>τὸν</em></span> <span class='ocrx_word' id='word_1_233' title='bbox 561 3905 663 3988; x_wconf 85' lang='grc' dir='ltr'><em>χορὸν</em></span> <span class='ocrx_word' id='word_1_234' title='bbox 680 3901 716 3967; x_wconf 71' lang='grc' dir='ltr'><em>δὲ</em></span> <span class='ocrx_word' id='word_1_235' title='bbox 740 3903 798 3967; x_wconf 78' lang='grc' dir='ltr'><em>ἕνα</em></span> <span class='ocrx_word' id='word_1_236' title='bbox 814 3905 866 3967; x_wconf 80' lang='grc' dir='ltr'><em>δεῖ</em></span> <span class='ocrx_word' id='word_1_237' title='bbox 881 3904 1065 3986; x_wconf 79' lang='grc' dir='ltr'><em>ὑπολαβεῖν</em></span> <span class='ocrx_word' id='word_1_238' title='bbox 1080 3914 1146 3966; x_wconf 87' lang='grc' dir='ltr'><em>τῶν</em></span> <span class='ocrx_word' id='word_1_239' title='bbox 1162 3904 1298 3983; x_wconf 86' lang='grc' dir='ltr'><em>ὑποκρι-</em></span> 
     </span>
     <span class='ocr_line' id='line_1_36' title="bbox 149 4003 1299 4094; baseline -0.002 -22"><span class='ocrx_word' id='word_1_240' title='bbox 149 4019 218 4072; x_wconf 84' lang='grc' dir='ltr'><em>τῶν</em></span> <span class='ocrx_word' id='word_1_241' title='bbox 240 4005 294 4072; x_wconf 77' lang='grc' dir='ltr'><em>καὶ</em></span> <span class='ocrx_word' id='word_1_242' title='bbox 317 4010 437 4092; x_wconf 87' lang='grc' dir='ltr'><em>μόριον</em></span> <span class='ocrx_word' id='word_1_243' title='bbox 454 4003 540 4072; x_wconf 83' lang='grc' dir='ltr'><em>εἶναι</em></span> <span class='ocrx_word' id='word_1_244' title='bbox 556 4018 616 4074; x_wconf 81' lang='grc' dir='ltr'><em>τοῦ</em></span> <span class='ocrx_word' id='word_1_245' title='bbox 632 4008 722 4087; x_wconf 85' lang='grc' dir='ltr'><em>ὅλου,</em></span> <span class='ocrx_word' id='word_1_246' title='bbox 741 4008 860 4094; x_wconf 91' lang='lat' dir='ltr'>quibus</span> <span class='ocrx_word' id='word_1_247' title='bbox 877 4029 949 4072; x_wconf 90' lang='lat' dir='ltr'><em>cum</em></span> <span class='ocrx_word' id='word_1_248' title='bbox 966 4007 1077 4073; x_wconf 87' lang='lat' dir='ltr'>verbis</span> <span class='ocrx_word' id='word_1_249' title='bbox 1095 4006 1299 4072; x_wconf 85' lang='lat' dir='ltr'>conferenda</span> 
     </span>
     <span class='ocr_line' id='line_1_37' title="bbox 150 4111 1298 4199; baseline -0.003 -21"><span class='ocrx_word' id='word_1_250' title='bbox 150 4115 231 4178; x_wconf 82' lang='lat' dir='ltr'>suni</span> <span class='ocrx_word' id='word_1_251' title='bbox 253 4112 379 4179; x_wconf 75' lang='lat' dir='ltr'>Horati</span> <span class='ocrx_word' id='word_1_252' title='bbox 401 4135 431 4178; x_wconf 88' lang='lat' dir='ltr'><em>a.</em></span> <span class='ocrx_word' id='word_1_253' title='bbox 454 4135 486 4199; x_wconf 88' lang='lat' dir='ltr'><em>p.</em></span> <span class='ocrx_word' id='word_1_254' title='bbox 512 4112 573 4177; x_wconf 90' lang='grc'><strong>193</strong></span> <span class='ocrx_word' id='word_1_255' title='bbox 612 4113 747 4185; x_wconf 72' lang='lat' dir='ltr'>‚achoris</span> <span class='ocrx_word' id='word_1_256' title='bbox 780 4115 897 4199; x_wconf 74' lang='lat' dir='ltr'>paries</span> <span class='ocrx_word' id='word_1_257' title='bbox 932 4111 1053 4176; x_wconf 87' lang='lat' dir='ltr'>chorus</span> <span class='ocrx_word' id='word_1_258' title='bbox 1087 4111 1298 4197; x_wconf 85' lang='lat' dir='ltr'>officiumque</span> 
     </span>
     <span class='ocr_line' id='line_1_38' title="bbox 148 4214 1297 4303; baseline -0.005 -19"><span class='ocrx_word' id='word_1_259' title='bbox 148 4215 253 4284; x_wconf 86' lang='lat' dir='ltr'>virile</span> <span class='ocrx_word' id='word_1_260' title='bbox 285 4216 467 4299; x_wconf 65' lang='lat' dir='ltr'>defeudaff,</span> <span class='ocrx_word' id='word_1_261' title='bbox 509 4221 544 4283; x_wconf 74' lang='lat' dir='ltr'>eh</span> <span class='ocrx_word' id='word_1_262' title='bbox 576 4221 669 4283; x_wconf 73' lang='lat' dir='ltr'>certo</span> <span class='ocrx_word' id='word_1_263' title='bbox 693 4217 835 4303; x_wconf 89' lang='lat' dir='ltr'>quodem</span> <span class='ocrx_word' id='word_1_264' title='bbox 872 4221 907 4282; x_wconf 82' lang='lat' dir='ltr'>et</span> <span class='ocrx_word' id='word_1_265' title='bbox 939 4215 1076 4303; x_wconf 85' lang='lat' dir='ltr'>proprio</span> <span class='ocrx_word' id='word_1_266' title='bbox 1108 4216 1143 4280; x_wconf 91' lang='lat' dir='ltr'><em>in</em></span> <span class='ocrx_word' id='word_1_267' title='bbox 1173 4214 1297 4281; x_wconf 87' lang='lat' dir='ltr'>fabulis</span> 
     </span>
    </p>
   </div>
   <div class='ocr_carea' id='block_1_5' title="bbox 148 4320 1299 4476">
    <p class='ocr_par' dir='ltr' id='par_1_14' title="bbox 148 4320 1299 4476">
     <span class='ocr_line' id='line_1_39' title="bbox 148 4320 1299 4410; baseline -0.004 -22"><span class='ocrx_word' id='word_1_268' title='bbox 148 4321 262 4389; x_wconf 87' lang='lat' dir='ltr'>officio</span> <span class='ocrx_word' id='word_1_269' title='bbox 285 4321 443 4409; x_wconf 73' lang='lat' dir='ltr'>fungitur</span> <span class='ocrx_word' id='word_1_270' title='bbox 466 4322 521 4410; x_wconf 88' lang='lat' dir='ltr'>(de</span> <span class='ocrx_word' id='word_1_271' title='bbox 544 4344 610 4409; x_wconf 86' lang='lat' dir='ltr'><em>qua</em></span> <span class='ocrx_word' id='word_1_272' title='bbox 633 4345 670 4388; x_wconf 86' lang='lat' dir='ltr'>re</span> <span class='ocrx_word' id='word_1_273' title='bbox 693 4321 784 4388; x_wconf 84' lang='lat' dir='ltr'>infra</span> <span class='ocrx_word' id='word_1_274' title='bbox 807 4320 946 4405; x_wconf 85' lang='lat' dir='ltr'>videas).</span> <span class='ocrx_word' id='word_1_275' title='bbox 994 4320 1075 4385; x_wconf 89' lang='lat' dir='ltr'>Ideo</span> <span class='ocrx_word' id='word_1_276' title='bbox 1099 4321 1202 4387; x_wconf 75' lang='lat' dir='ltr'>certis</span> <span class='ocrx_word' id='word_1_277' title='bbox 1227 4320 1299 4406; x_wconf 92' lang='lat' dir='ltr'>qui-</span> 
     </span>
     <span class='ocr_line' id='line_1_40' title="bbox 1045 4426 1061 4476; baseline 0 0"><span class='ocrx_word' id='word_1_278' title='bbox 1045 4426 1061 4476; x_wconf 85' lang='lat'>2</span> 
     </span>
    </p>
   </div>
   <div class='ocr_carea' id='block_1_6' title="bbox 0 0 1479 4734">
    <p class='ocr_par' dir='ltr' id='par_1_15' title="bbox 0 0 1479 4734">
     <span class='ocr_line' id='line_1_41' title="bbox 0 0 1479 4734; baseline 0 0"><span class='ocrx_word' id='word_1_279' title='bbox 0 0 1479 4734; x_wconf 95' lang='lat' dir='ltr'><em> </em></span> 
     </span>
    </p>
   </div>
  </div>
 </body>
</html>
