2946 4734
628 365 836 428 ..75-

534 534 580 592 διὰ
600 538 705 601 παντὸς
724 528 805 602 οὗτος
818 525 873 601 ιτὰς
891 540 983 614 μάχας

339 626 444 695 ἔλεγεν,
465 623 575 679 ἐδείκνυ
594 623 651 700 ἅμα
671 630 759 697 λέγων
777 625 809 681 τὰ
830 627 975 702 τραῦματα
992 646 1047 696 equ.

147 714 181 775 ln
198 713 337 777 Terentii
353 713 509 776 Eunucho
521 719 633 778 contra
644 736 754 782 servus
771 717 936 780 dominum
956 736 1060 794 suurn,
1078 716 1132 798 qui
1153 715 1195 779 ab
1211 714 1316 778 amica

147 813 241 876 militi
265 813 483 895 postponitur,
514 812 576 876 hoc
598 815 694 878 modo
717 836 795 897 prae
817 817 917 880 milite
941 816 993 880 illo
1016 815 1127 880 laudat
1149 836 1177 877 v.
1196 814 1316 895 leesq.

339 927 427 980 neque
446 928 553 980 pugnas
571 916 667 967 narrat
685 931 772 982 neque
792 914 930 969 cicatrices
947 933 1008 968 suas

338 999 459 1051 ostentat
477 1014 531 1065 eqs.

149 1087 230 1150 Ecce
258 1086 390 1149 Ovidius
418 1085 557 1167 equitem
586 1085 743 1164 sanguine
774 1089 918 1165 pastum,
949 1085 1003 1166 qui
1035 1085 1093 1166 ipsi
1126 1103 1146 1147 a
1177 1083 1317 1148 Corinna

149 1187 338 1267 praefertur,
362 1186 482 1249 eisdem
504 1185 569 1248 fere
591 1184 697 1246 verbis
717 1191 817 1267 atque
843 1185 954 1248 comici
976 1189 1091 1265 poetae
1114 1184 1229 1248 milites
1250 1184 1318 1264 glo·

149 1287 249 1348 riosos
269 1284 420 1348 describit
443 1304 471 1348 v.
491 1285 528 1348 19
545 1303 632 1365 sqq:

339 1399 419 1436 cerne
437 1380 590 1444 cicatrices,
622 1379 718 1434 veteris
736 1379 853 1449 vestigia
872 1397 994 1450 pugnae:

392 1468 575 1537 quaesitumst
592 1467 633 1521 illi
652 1483 778 1537 corpore,
804 1467 937 1537 quidquid
956 1467 1049 1521 habet.

345 1554 462 1609 forsitan
481 1558 509 1608 et
527 1553 653 1623 quotiens
672 1553 812 1608 hominem
831 1554 1005 1624 iugulaverit,
1024 1553 1069 1617 ille

397 1641 514 1695 indicet!
539 1641 591 1693 hoc
609 1640 693 1694 fassas
712 1639 811 1709 tangis,
830 1658 923 1708 avara,
942 1640 1057 1694 manus?

151 1731 222 1792 Huc
246 1730 348 1793 addas
369 1729 464 1810 Prop.
480 1729 506 1792 ll
528 1728 608 1805 tlt
628 1727 806 1791 ‘enumerat
830 1729 919 1791 miles
941 1729 1084 1805 vulnera,
1104 1732 1214 1809 pastor
1235 1727 1320 1790 oves'

152 1834 184 1892 et
206 1829 301 1910 Prop.
323 1830 365 1891 lV
388 1831 417 1905 5,
435 1829 476 1892 49
503 1827 571 1900 ‘nec
600 1828 656 1891 tibi
681 1829 845 1910 displiceat
866 1829 955 1892 miles
978 1848 1043 1891 non
1065 1827 1168 1891 factus
1197 1826 1318 1890 amori'.

149 1929 261 1991 Milites
284 1933 408 2005 autem,
442 1929 498 2009 qui
528 1928 559 1990 in
591 1928 737 1991 convivio
770 1948 821 1992 res
854 1949 873 1992 a
906 1948 939 1991 sc
971 1931 1078 2008 gestas
1115 1927 1314 2009 praedicant,

151 2032 444 2091 commemorantur
467 2048 487 2091 a
509 2027 641 2091 Nicolao
665 2027 786 2090 comico
808 2032 840 2091 et
861 2048 879 2091 a
902 2027 1046 2091 Tibullo:
1081 2079 1084 2085 .

185 2123 271 2176 Nicol.
289 2125 341 2194 frg.
362 2127 385 2192 1,
397 2125 477 2193 3‘lsq.
496 2125 528 2178 K.
550 2126 586 2177 lll
604 2143 631 2194 p.
650 2124 702 2193 384

341 2207 549 2281 nuparcicrccai
568 2228 610 2269 τις
629 2212 676 2262 καί
691 2217 770 2263 ποιεῖ
785 2208 893 2271 πάντας
912 2213 1034 2283 νεκρούς,

331 2295 463 2349 ’δειπνῶν
481 2296 570 2370 σιωπῇ
589 2295 689 2349 τοῦτον
707 2292 933 2368 ὖπομυκτηρίσας

1379 1609 1401 1637 N

343 2381 383 2440 εἰς
402 2377 452 2451 τὴν
472 2380 610 2450 τράπεζὰν
629 2378 725 2435 καὶσὺ
746 2378 796 2452 τὴν
811 2380 898 2455 χολὴν
917 2380 995 2451 ἄφες.

174 2439 286 2520 'risun
306 2467 317 2520 1
339 2468 379 2529 10,
390 2467 423 2520 ac
433 2485 490 2535 sqq.

567 2532 636 2585 alius
654 2531 690 2585 sit
707 2532 786 2586 fortis
804 2532 833 2585 in
852 2535 934 2587 armis

410 2622 516 2674 sternat
533 2621 560 2672 et
578 2618 703 2672 adversos
722 2618 809 2672 Marte
828 2619 938 2674 favente
956 2620 1045 2688 duceS,

323 2709 355 2760 ut
373 2705 441 2759 mihi
459 2704 570 2773 potanti
589 2703 674 2772 possit
695 2723 744 2758 sua
762 2705 850 2759 dicere
868 2707 927 2760 tata

419 2791 497 2844 miles
516 2789 589 2843 etin
610 2806 705 2844 mensa
722 2789 834 2860 pingere
852 2795 940 2846 eastra
958 2810 1040 2846 mero.

237 2882 419 2962 Sequuntur
438 2879 576 2960 denique
593 2898 631 2941 ex
649 2879 777 2941 comicis
796 2881 940 2960 personis
963 2881 1057 2944 duri
1079 2880 1142 2942 illi
1164 2881 1318 2958 patrea

152 2981 205 3061 qui
236 2980 268 3041 in
301 2979 406 3042 Plauti
438 2979 614 3040 Mercatore
643 2978 786 3058 lbsqq„
819 2979 949 3059 Epidico
972 2980 1032 3043 253
1050 2999 1137 3060 sqq,
1161 2977 1319 3040 Pseudolo
1394 2967 1396 2970 ’

151 3081 212 3141 clo
235 3099 322 3160 sqq,
350 3077 490 3140 Terentii
520 3076 886 3140 Heautontimorumeno
920 3080 976 3142 103
1000 3098 1068 3159 sqq.
1099 3077 1269 3159 pecuniam
1301 3096 1320 3138 a

152 3178 223 3240 tiliis
245 3177 287 3240 ad
311 3181 415 3240 scorta
439 3176 580 3239 delatam
605 3174 790 3255 deplorant,
820 3196 892 3239 cum
916 3197 955 3240 ne
977 3178 1036 3241 hos
1058 3177 1188 3259 quidem
1205 3175 1320 3238 Ovidio

154 3282 185 3340 et
207 3275 375 3356 Propertio
397 3276 524 3356 ignotos
547 3295 615 3338 esse
638 3280 794 3356 appareat
817 3296 855 3339 ex

190 3375 267 3442 Prop.
288 3373 313 3425 ll
333 3375 374 3441 23,
387 3375 416 3427 Π
427 3391 466 3441 sq.

342 3458 450 3511 differet
467 3459 534 3512 haec
554 3475 709 3525 numquam
728 3475 777 3512 nec
795 3460 888 3526 poscet
904 3457 1024 3526 garrula,
1044 3457 1116 3524 quod
1135 3458 1163 3510 te

397 3544 524 3598 astrictus
542 3545 629 3612 ploret
648 3561 728 3612 saepe
746 3543 848 3597 dedisse
866 3548 953 3611 pater,

186 3635 214 3684 et
231 3630 309 3684 Ovid.
329 3630 427 3684 remed.
441 3629 492 3682 563
505 3647 543 3696 sq.

344 3715 389 3768 cui
408 3715 490 3767 durus
509 3717 587 3783 pater
608 3717 656 3781 est,
676 3715 707 3764 ut
727 3714 791 3765 voto
810 3714 901 3765 cetera
919 3711 1025 3776 cedant,

397 3801 461 3853 huic
479 3805 558 3868 pater
577 3803 643 3853 ante
665 3800 755 3853 oculos
774 3798 856 3850 durus
874 3797 1015 3850 habendus
1034 3795 1094 3850 erit.

235 3889 394 3966 Quoniam
418 3888 639 3951 meretricibus
672 3887 712 3948 ad
735 3885 945 3966 perliciendos
975 3889 1005 3947 et
1028 3883 1211 3964 spoliandos
1235 3902 1326 3945 ama-

154 3995 238 4052 tores
270 4008 373 4070 neque
403 3989 509 4050 minus
540 3986 708 4049 iuvenibus
738 3985 779 4046 ad
814 3984 974 4046 cavendos
996 3987 1173 4046 scortorum
1195 3982 1327 4062 laqueos

154 4089 262 4152 multis
284 4089 364 4152 dolis
387 4091 417 4151 et
442 4087 564 4150 artibus
587 4105 667 4166 opus
690 4088 747 4161 est,
774 4103 837 4146 non
862 4083 1018 4145 miramur
1039 4100 1213 4144 amorem
1238 4080 1326 4160 apud

153 4189 302 4251 Plautum
320 4192 351 4251 et
366 4186 551 4249 Terentium
575 4185 751 4265 saepius
773 4188 816 4246 ut
839 4186 966 4245 artem
990 4180 1323 4256 difficillimam¹t

177 4292 392 4393 *HC-f-I-leo'
413 4327 500 4380 Plcut.
519 4325 626 4379 Fcrsch.
647 4343 674 4392 p.
696 4323 833 4390 1318ᾳᾳ.’
