2946 4734
646 312 828 375 -7-

147 510 227 572 prae
249 510 283 552 se
304 490 374 586 fert,
398 493 507 554 tamen
530 509 550 553 a
572 489 727 554 Diomede
757 491 969 572 grammatico
979 489 1004 567 ¹)
1026 489 1317 553 Alexandrinorum

149 591 367 679 imitatoribus
397 591 647 668 adnumeratur,
678 596 777 673 atque
805 593 933 674 saepius
961 611 981 655 a
1011 591 1086 654 viris
1115 590 1218 653 doctis
1245 609 1318 653 eum

148 690 440 754 Alexandrinorum
478 690 613 769 vestigia
652 693 804 772 pressisse
842 692 1016 774 probatum
1050 688 1142 769 eset)
1196 688 1320 766 Quibus

151 791 191 852 de
214 791 318 854 causis
339 791 513 862 Tibullum,
536 791 750 872 Propertium,
773 790 924 855 Ovidium
948 809 1053 871 neque
1075 808 1114 852 ex
1136 783 1318 852 Atticorum

153 910 257 970 neque
295 910 334 952 ex
365 890 587 954 Romanorum
624 891 798 955 comoediis
837 895 923 954 recta
961 891 1013 954 via
1047 889 1192 952 hausisse
1229 892 1319 970 pute,

86 1075 88 1077 Ι
148 991 204 1054 sed
241 991 407 1054 consensio
442 991 495 1053 illa
529 991 607 1054 mibi
643 993 688 1073 ita
720 991 911 1072 explicanda
942 990 1087 1066 videtur,
1127 993 1163 1052 ut
1194 1009 1233 1052 ex
1267 1008 1318 1052 co·

150 1090 283 1152 moediis
305 1090 420 1154 Atticis
442 1110 492 1153 res
514 1091 693 1154 amatoriae
715 1092 748 1154 in
771 1091 878 1172 elegos
897 1089 1149 1166 Alexandrinos,
1182 1107 1319 1170 quorum

149 1195 264 1270 poetae
287 1191 375 1254 haud
397 1191 498 1254 multo
520 1195 592 1272 post
614 1211 718 1254 novae
742 1187 928 1254 comoediae
942 1189 1117 1270 >scriptores
1131 1189 1317 1265 floruerunt,

149 1294 180 1352 et
211 1309 250 1352 ex
282 1290 318 1352 iis
351 1290 501 1372 deinceps
535 1291 567 1353 in
599 1291 704 1370 elegos
726 1291 949 1354 Romanorum
979 1288 1138 1352 fluxerint.
1193 1287 1266 1364 Qua
1287 1288 1319 1350 in

150 1389 301 1469 opinione
321 1389 431 1467 nobiS,
452 1391 540 1472 quod
561 1391 855 1454 Alexandrinorum
879 1389 1024 1453 carmina
1046 1387 1215 1468 iniquitate
1237 1390 1319 1449 tem-

149 1509 264 1570 porum
288 1489 467 1570 perierunt,
499 1490 768 1572 acquiescendum
790 1493 889 1566 esset,
920 1489 977 1552 nisi
1001 1507 1021 1551 a
1043 1487 1118 1550 viris
1139 1485 1241 1549 doctis
1264 1486 1319 1548 de-

153 1593 366 1652 monstratum
385 1594 466 1653 esset
483 1590 687 1671 anthologiae
699 1589 867 1653 Palatinae
887 1593 1001 1670 poetas
1015 1587 1179 1670 plurimos,
1203 1584 1319 1649 deinde

149 1687 311 1766 Nonnum,
335 1688 545 1770 Musaeum,³)
568 1694 637 1753 tum
655 1690 906 1763 Aristaenetum,
929 1688 1171 1762 Plrilostratum,
1182 1683 1206 1764 ⁴)
1230 1684 1319 1746 deni-

151 1807 214 1868 que
237 1786 381 1866 eroticos,
403 1809 484 1870 quos
514 1789 659 1864 dicimus
682 1790 853 1870 scriptores
863 1790 888 1866 5)
911 1808 1007 1869 saepe
1026 1785 1317 1851 Aiexandrinorum

153 1887 286 1968 vestigia
310 1889 469 1968 pressisse.
513 1889 605 1952 Nunc
637 1908 713 1952 vero
737 1889 923 1952 circuitione
946 1887 1038 1969 quasi
1069 1892 1101 1950 et
1121 1886 1319 1951 anfractibus

152 1987 193 2050 ad
227 1986 518 2051 Alexandrinorum
557 1989 662 2068 elegos
701 1989 869 2069 pervenire
909 2006 1095 2068 possumus,
1143 1986 1253 2066 itaque
1292 1985 1318 2048 si

150 2106 305 2165 magnam
334 2091 461 2168 partem
492 2107 597 2151 rerum
629 2087 878 2162 amatoriarum‚
909 2088 1026 2169 quibus
1048 2085 1208 2161 Tibullus,
1239 2085 1318 2147 Pro·

150 2188 291 2267 perlius,
319 2186 453 2250 Ovidius
482 2205 556 2250 cum
578 2187 694 2250 Plauto
724 2192 755 2250 et
776 2187 926 2251 Terentio
957 2192 989 2250 et
1015 2186 1210 2249 comicorum
1233 2182 1317 2245 Atti-

150 2307 260 2350 corum
301 2286 486 2368 fragmentis
523 2288 743 2364 consentiunt,
785 2287 882 2350 etiam
915 2287 1003 2368 apud
1041 2286 1217 2348 imitatores
1249 2281 1319 2344 illos

152 2387 444 2452 Alexandrinorum
479 2388 671 2467 reperimus,
711 2392 767 2450 aut
800 2391 886 2450 certo
924 2391 980 2449 aut
1010 2405 1075 2448 non
1105 2384 1172 2448 sine
1198 2401 1317 2462 magna

151 2487 296 2550 veritatis
317 2487 422 2568 specie
440 2487 603 2549 affirmare
625 2507 795 2568 possumus
817 2506 872 2549 eas
895 2506 933 2550 ex
955 2486 1127 2549 comoediis
1138 2484 1253 2548 Atticis
1275 2484 1317 2546 ab

148 2587 296 2669 elegiacis
317 2585 610 2649 Alexandrinorum
639 2588 743 2667 poetis
765 2588 960 2667 desumptas,
994 2590 1061 2649 tum
1086 2586 1224 2665 denique
1247 2584 1317 2646 imi-

147 2687 306 2750 tatoribus
322 2687 480 2750 Romanis
501 2687 636 2750 traditas
659 2707 735 2750 esse.
780 2688 819 2750 Et
840 2687 946 2750 locum
969 2687 1109 2768 quidem,
1133 2685 1188 2766 qui
1208 2689 1256 2746 est
1278 2684 1317 2746 de

146 2807 220 2868 spe,
249 2787 364 2850 Tibull.
383 2788 424 2863 II,
447 2789 610 2868 6,19sqq.
641 2791 672 2850 et
703 2776 795 2850 Ovid.
826 2807 865 2849 ex
889 2787 981 2850 Pont.
1004 2789 1019 2849 Ι
1039 2788 1067 2862 6,
1080 2786 1119 2848 a?
1136 2805 1223 2866 sqq,
1254 2784 1315 2846 hac

148 2886 200 2949 via
223 2890 440 2968 propagatum
464 2907 532 2950 esse
554 2888 618 2950 iam
637 2888 681 2951 ita
697 2888 791 2951 evicit
810 2888 928 2952 Birtius
950 2888 981 2950 in
997 2886 1172 2967 Elpidibus.
1214 2885 1316 2947 Ama-

149 2986 304 3050 toriarum
325 2991 431 3050 autem
456 3006 562 3049 rerum
588 2990 831 3051 consensionem
854 3008 905 3050 me
933 2987 999 3065 his,
1031 3007 1115 3068 quae
1137 2987 1316 3065 sequuntur

149 3087 362 3168 probaturum
384 3106 451 3150 esse
472 3107 575 3168 spero.

219 3299 244 3366 1)
262 3301 410 3367 grammat.
436 3299 526 3353 Latin.
550 3302 560 3352 1
584 3319 610 3368 p.
628 3300 680 3352 484
713 3301 764 3366 (ed.
790 3300 862 3366 Keil)
977 3298 1051 3366 quod
1076 3315 1162 3366 genus
1189 3297 1316 3351 carminis

147 3384 294 3453 praecipue
320 3385 487 3454 scripserunt
511 3386 584 3454 apud
614 3387 752 3440 Romanos
779 3386 935 3455 Propertius
964 3388 992 3439 et
1021 3385 1145 3438 Tibullus
1171 3389 1198 3438 et
1222 3385 1316 3438 Gallus

149 3470 253 3524 imitati
271 3471 390 3525 Graecos
408 3470 607 3538 Callimachum
625 3475 653 3525 et
671 3471 855 3542 Euphoriona.

218 3575 245 3642 2)
268 3577 363 3642 MaasS,
381 3576 492 3630 Hermes
500 3575 595 3629 XVIII
606 3595 632 3644 p.
644 3577 691 3628 321
703 3595 742 3644 sq.
764 3577 874 3629 Hermes
884 3575 973 3628 XXIV
987 3595 1011 3645 p.
1023 3577 1072 3627 5⁶26
1083 3594 1121 3642 sq.
1142 3574 1209 3637 Birt,
1228 3575 1315 3643 Elpid.

148 3678 175 3728 p.
195 3661 251 3713 lat.
279 3660 396 3729 Belling,
423 3661 518 3714 Albius
536 3660 675 3723 Tibullus,
703 3661 789 3715 Berlin
811 3663 885 3725 1897,
912 3681 939 3730 p.
959 3664 992 3714 85
1010 3680 1057 3729 sq,
1082 3681 1108 3730 p.
1130 3662 1186 3724 111,
1211 3680 1237 3729 p.
1258 3661 1315 3724 1⁶25,

148 3762 174 3812 p.
196 3745 244 3798 163
261 3764 310 3816 sq,
327 3764 355 3816 p.
376 3748 433 3801 177.

218 3849 246 3916 3)
267 3848 308 3902 ef.
327 3849 438 3914 Mallet,
467 3850 642 3915 Quaestione
669 3851 876 3922 Propertianae,
905 3852 1056 3920 Gottingae
1075 3852 1155 3914 1882,
1183 3849 1230 3902 ubi
1254 3851 1316 3918 pa

151 3932 269 4002 reliquos
289 3935 360 3989 viros
376 3937 477 4000 doctos,
495 3935 542 4005 qui
561 3937 664 3992 dehac
683 3956 712 3992 re
731 3943 854 4008 egerunt,
874 3940 1046 3992 enumeratos
1064 3936 1194 3990 invenies.

218 4037 245 4106 4)
266 4017 385 4108 burrey,
405 4039 447 4094 oe
467 4040 630 4094 Callimachi
650 4041 781 4111 cydippa,
800 4040 871 4109 urps.
895 4041 969 4094 isca.
999 4041 1053 4093 neo
1072 4041 1091 4093 r.
1109 4041 1125 4093 1.
1143 4059 1170 4109 p.
1189 4040 1247 4093 128.

218 4140 244 4206 5)
262 4140 368 4206 Rohde,
390 4143 444 4197 Der
460 4143 630 4214 griechische
649 4145 757 4198 Roman
775 4161 801 4211 p.
822 4142 871 4194 145
888 4159 947 4208 sqq.
