2946 4734
591 210 810 273 -65-

220 387 459 472 Philosophi
488 409 569 450 vero
599 387 855 451 celeberrimi
876 395 994 471 atque
1018 388 1293 453 illustrissimi

115 508 150 569 in
175 505 243 569 talo.
261 506 296 568 M
314 505 392 568 etO
417 504 490 567 iure
514 526 552 567 ao
575 503 697 567 merito
720 503 837 567 Plato
862 509 900 567 et
925 504 1173 568 Aristoteles
1197 527 1292 590 prae-

113 622 278 686 dicantur.
316 620 441 683 Mirum
459 631 520 700 est,
542 618 604 683 hoo
627 620 801 702 geminum
824 619 959 703 signum
978 619 1291 702 splendidissimum

113 760 181 801 non
202 744 240 800 111
264 742 477 821 exspectatur
500 734 589 819 apud
606 741 778 799 auctorem
795 735 900 799 ullum
918 735 1098 819 antiquum
1115 737 1288 800 laudatum

113 876 174 917 nos
209 852 335 916 videre.
384 851 421 916 Si
459 852 562 934 6111111,
603 851 691 936 quod
731 873 866 936 perraro
902 851 951 933 fit,
987 853 1132 937 scriptor
1168 854 1291 938 aliquis

113 994 130 1034 e
154 968 430 1067 philosophorum
455 967 555 1032 turba
572 969 716 1032 electum
733 968 825 1050 10011,
851 968 907 1031 1110
924 968 1107 1032 ternario
1123 991 1290 1033 numero

112 1087 163 1150 uti
192 1086 286 1150 solet.
334 1084 382 1149 Ut
398 1085 585 1168 Dionysius
605 1085 679 1148 Hal.
701 1082 757 1165 (de
774 1107 881 1169 oomp.
900 1084 992 1149 verb.
1019 1086 1289 1170 0241118711)

114 1194 259 1285 κορεφοὶς
294 1190 453 1261 ἁιτοίντων
487 1194 544 1259 καί
580 1192 728 1273 σκοποὺς
763 1189 840 1260 καθ)
880 1192 997 1284 ἑαοτην
1032 1191 1130 1274 δόξαν
1164 1202 1288 1266 Demo·

114 1319 234 1382 oritum
279 1319 457 1381 Platonem
497 1316 716 1380 Aristotelem
761 1316 886 1398 laudat,
934 1338 1009 1380 eum
1054 1318 1091 1381 in
1136 1316 1288 1381 eiusdem

112 1434 259 1518 Dionysi
298 1433 340 1496 de
380 1433 571 1496 imitatione
611 1433 771 1497 librorum
814 1433 963 1518 epitoma
999 1432 1038 1511 (o.
1061 1435 1080 1497 2
1106 1455 1138 1518 p.
1152 1436 1218 1498 430
1244 1433 1289 1512 R)

112 1560 244 1635 praeter
267 1549 444 1614 Platonem
468 1548 754 1634 Aristotelemque
778 1549 969 1634 Xenophon
1004 1549 1200 1613 nominatus
1231 1550 1287 1613 sit.

112 1668 230 1731 Oioero
269 1667 376 1747 (Brut.
406 1667 458 1747 31,
490 1667 565 1745 121)
610 1672 723 1729 autem
763 1664 1035 1750 Theophrastum
1080 1663 1212 1729 duloem
1254 1672 1289 1728 et

111 1783 260 1847 Velleius
285 1781 481 1846 Paterculus
511 1782 539 1861 (Ι
568 1783 622 1862 16)
663 1781 835 1846 Socratem
877 1781 947 1845 illis
984 1780 1113 1845 duobus
1148 1781 1286 1844 tertium

111 1898 252 1962 addidit.
300 1899 346 1962 Et
369 1919 558 1982 anonymus
583 1897 705 1983 aliquis
730 1898 779 1976 (in
797 1898 857 1962 ΑΡ
876 1920 952 1982 app.
970 1898 1024 1962 ΙΙΙ
1041 1900 1121 1978 238)
1146 1897 1284 1962 oeoinit:

353 2052 432 2116 Τρεῖς
451 2045 516 2098 οῖδα
536 2041 660 2116 πρώτους
677 2045 722 2112 της
741 2040 892 2116 ἐπιστήμης
911 2039 1035 2103 στύλους·

345 2131 536 2206 Ἀριστοτέλην,
558 2128 701 2199 Πλάτωνα,
724 2129 905 2205 Πυθαγόραν,

111 2298 185 2338 011111
220 2275 277 2337 alii
303 2274 375 2341 (ΑΡ
389 2273 618 2358 aperirem)
646 2272 729 2355 τρεῖς
752 2265 872 2357 σοφίης
895 2267 1115 2355 πολεΐστορος
1138 2264 1281 2354 ἔκκριτοι

112 2380 244 2472 ἀστέρες
269 2378 334 2450 οἷοι
362 2391 531 2474 Archytas
555 2390 654 2453 Plato
678 2389 880 2453 Aristoteles
916 2390 995 2454 sint.
1055 2389 1121 2453 Sed
1156 2390 1191 2452 in
1228 2389 1280 2452 his

112 2507 264 2571 versibus
289 2528 358 2570 non
383 2506 507 2570 serium
533 2505 712 2586 delectum,
738 2504 850 2590 potius
874 2506 1044 2570 ludicrum
1061 2514 1194 2570 tantum
1212 2507 1280 2590 epi·

110 2623 365 2706 grammatistae
389 2621 563 2685 cuiusdam
587 2643 648 2685 nos
673 2617 797 2685 habere
814 2620 962 2685 libenter
980 2621 1136 2686 concedo.
1184 2620 1278 2685 Idem

107 2740 198 2801 valet
239 2739 280 2801 de
324 2736 478 2801 versibus
513 2737 582 2801 illis
617 2737 779 2822 (APapp.
805 2737 835 2801 V
864 2738 930 2819 59),
966 2737 1088 2820 quibus
1123 2737 1174 2802 bis
1210 2744 1278 2800 tres

106 2848 207 2936 σοφοί
239 2853 300 2912 ιῶν
328 2843 480 2936 Ἀθηνῶν
502 2853 659 2916 laudibus
684 2853 884 2916 efferuntur.
932 2854 980 2916 At
1011 2860 1175 2937 praeter
1198 2860 1277 2916 ter-

106 2971 259 3034 narium
284 2969 406 3032 etiam
431 2969 639 3033 denarium
663 2990 869 3032 numerum
892 2991 998 3053 aeque
1022 2978 1124 3053 atque
1140 2969 1177 3031 in
1202 2968 1277 3031 aliis

106 3092 143 3149 ut
167 3085 316 3150 vidimus
353 3086 388 3148 in
423 3084 634 3169 philosophis
659 3084 832 3168 elegendis
858 3083 1049 3149 adhibitum
1078 3106 1160 3166 esse,
1196 3082 1277 3146 inde

106 3201 348 3283 intellegimus,
386 3200 476 3284 quod
500 3201 541 3265 ab
568 3222 737 3285 anonymo
763 3201 909 3285 quodam
934 3200 1095 3285 (APapp.
1120 3200 1174 3263 ΠΙ
1199 3202 1275 3269 202)

105 3318 220 3380 decem
244 3316 521 3402 philosophorum
557 3323 667 3380 sectae
698 3308 794 3388 δεκὰς
817 3309 935 3392 τελεία,
971 3314 1036 3375 τῶν
1059 3309 1138 3375 δέκα
1162 3306 1275 3375 στίλοι

104 3432 201 3512 γενῶι1
238 3439 479 3495 enumerantur
508 3440 543 3496 61
570 3433 727 3514 Diogene
750 3432 887 3496 Laertio
916 3438 1003 3496 teste
1027 3432 1076 3507 (II
1100 3434 1188 3514 alt)
1212 3430 1277 3489 τῶν

104 3542 342 3625 διαδεξαμένων
368 3540 436 3627 (τὸν
452 3540 609 3632 Σωκράτη
632 3546 691 3628 so.)
715 3548 780 3607 τῶν
804 3542 984 3627 λεγομένων
1002 3546 1219 3630 Σωκρατικῶν
1243 3539 1273 3606 oi

103 3656 361 3747 κορυφαιότατοι
401 3658 461 3741 μὲν
501 3655 645 3723 Πλοίτων
683 3661 837 3746 Ξενοφῶν
874 3653 1098 3747 Ἀντισδίνης,
1140 3661 1205 3722 τῶν
1240 3657 1275 3721 δὲ

103 3774 328 3863 φερομένων
357 3774 454 3839 δέκα
485 3772 514 3840 oi
547 3771 786 3864 διασημότατοι
817 3774 968 3861 τέσσαρες
991 3771 1153 3862 Αἰσχίνης
1190 3770 1274 3836 Φαί-

103 3893 167 3954 δων
185 3884 361 3979 Εὐκλείδης
384 3885 639 3978 metamor—¹)
663 3897 839 3961 habentur.
888 3894 954 3960 Sed
978 3902 1106 3959 eertum
1127 3894 1272 3978 philoso-

102 4012 245 4096 phorum
274 4034 412 4075 oensum
435 4034 620 4096 numquam
656 4012 816 4076 nimirum
848 4011 962 4093 luisse,
1001 4010 1083 4074 satis
1118 4014 1272 4072 aoourate

210 4244 234 4309 1)
253 4241 301 4295 cfr.
321 4241 441 4295 Brzoska
458 4258 485 4312 p.
504 4241 618 4295 48-49.
