2946 4734
608 255 826 316 „25-

133 435 278 498 ticorum
295 455 436 498 censura
451 431 762 518 praestantissimos
779 429 1030 494 commendatos
1055 453 1138 512 esse,
1164 433 1302 495 omnino

132 573 199 614 non
224 550 411 634 putandum
437 555 497 611 est.
543 547 652 611 Multo
671 547 839 631 prioribus
856 547 947 610 enim
968 546 1135 610 aetatibus
1151 547 1302 631 Aeschy-

133 667 185 730 lus
211 646 394 750 Sophocles
418 663 601 749 Euripides
630 662 883 745 tragoediarum
919 661 1120 745 scriptorum
1150 673 1303 748 exempla

133 783 170 845 in
206 781 356 845 omnium
391 802 447 844 ore
483 787 588 861 erant,
626 778 725 862 quod,
761 784 800 842 ut
824 777 953 842 Steffen
978 777 1023 862 (p.
1048 780 1105 858 40)
1129 787 1220 843 recte
1245 778 1302 842 ad-

134 903 259 980 monet,
295 896 447 981 Lycurgi
487 894 663 960 notissima
703 895 789 978 lege,
831 916 897 978 qua
931 893 1227 977 praescriberetur,
1265 902 1303 958 ut

133 1021 306 1099 poetarum
331 1013 466 1077 illorum
491 1033 611 1076 aureae
627 1011 795 1094 imagines
812 1010 849 1073 in
865 1031 989 1093 magno
1009 1010 1154 1093 Dionysi
1171 1011 1302 1074 theatro

133 1136 350 1215 ponerentur,
384 1129 643 1192 demonstratur.
689 1128 777 1190 Item
802 1133 881 1190 ante
906 1127 968 1190 hoc
992 1134 1126 1210 tempus
1151 1127 1303 1191 Heracli-

135 1247 193 1310 des
229 1245 430 1309 Heracleota
464 1244 602 1308 Laertio
637 1244 793 1331 Diogene
828 1243 872 1320 (V
904 1244 958 1317 88)
1000 1247 1088 1306 teste
1123 1235 1202 1323 περὶ
1239 1242 1304 1302 τῶν

134 1360 233 1444 τριιῦν
256 1356 523 1442 τραγῳδοποιῶν,
548 1381 631 1444 quos
646 1358 857 1443 Aeschylum
882 1357 1082 1442 Sophoclem
1103 1358 1303 1442 Euripidem

134 1477 240 1541 fuisse
280 1498 379 1540 nemo
419 1473 599 1554 dubitarit,
641 1475 830 1559 complures
869 1473 973 1538 libros
1009 1473 1154 1558 scripsit.
1214 1474 1305 1551 Quin

135 1594 236 1657 etiam
261 1615 302 1656 m.
329 1614 383 1676 qu.
409 1598 495 1656 sent.
520 1591 588 1655 iam
611 1590 865 1675 Aristophanes
903 1590 1105 1654 comicorum
1129 1596 1303 1674 poetarum

134 1708 292 1793 princeps
309 1716 343 1772 et
360 1708 494 1773 illorum
512 1707 720 1790 tragicorum
736 1708 807 1770 lere
821 1706 979 1790 aequalis,
997 1705 1141 1769 triadem
1153 1713 1303 1769 nostram

135 1824 299 1907 tragicam
339 1824 375 1888 in
414 1824 527 1888 fabula
563 1814 730 1902 Βάτραχοι
766 1823 933 1907 inscripta
973 1822 1139 1906 implicite
1177 1823 1304 1907 primus

135 1940 323 2022 constituit,
349 1941 436 2025 quod
462 1940 609 2024 exempli
638 1939 790 2022 gratiae
827 1938 879 2002 his
917 1937 1066 2003 versibus
1102 1937 1197 2002 effici
1221 1938 1305 2001 mihi

134 2057 272 2120 videtur
295 2057 405 2134 (1413.
432 2058 525 2121 1518.
553 2057 664 2130 tarel:

133 2189 293 2264 (Διόνυσος)
312 2186 359 2247 τόν
373 2195 426 2265 μὲν
445 2195 473 2264 (i.
487 2212 508 2247 e.
523 2188 673 2263 Αἰσχύλον)
693 2187 752 2263 γὰρ)
768 2188 889 2264 ἡγοῦμαι
909 2187 1007 2263 σοφόν,
1028 2192 1064 2261 τῷ
1082 2186 1241 2263 (Ilriprm'dcr
1256 2194 1305 2261 su.)

775 2286 800 2343 (λ’
822 2283 936 2363 ἥδομαι.
956 2332 962 2345 .
983 2333 989 2346 .
1010 2331 1016 2344 .

135 2385 297 2460 (Αἰσχύλος)
682 2390 779 2443 τοῦτον
797 2391 826 2460 (i.
846 2407 868 2446 e.
889 2393 1048 2460 Σοφοκλέα)
1068 2382 1121 2460 γὰρ
1141 2381 1194 2458 ἐγὼ

313 2495 400 2558 σοφίᾳ
420 2495 503 2559 κρίνον
524 2482 653 2559 δεύτερον
672 2488 752 2542 εἶναι.

245 2635 330 2699 Cum
360 2636 466 2719 igitur
498 2658 551 2699 res
587 2635 635 2699 ita
660 2657 695 2699 se
719 2635 875 2717 habeant,
914 2635 1070 2719 equidem
1095 2634 1130 2698 in
1154 2634 1244 2699 tabh.
1270 2635 1306 2697 M

136 2758 170 2815 et
189 2752 214 2816 O
232 2757 365 2816 tantum
388 2752 430 2815 de
453 2750 516 2815 hac
534 2773 643 2834 causa,
667 2757 706 2814 ut
729 2750 870 2835 pentadi
894 2750 1010 2835 epicae
1034 2751 1163 2833 tragica
1186 2757 1306 2834 pentes

136 2873 335 2951 opponatur,
359 2866 468 2931 tribus
493 2867 626 2951 magnis
648 2866 840 2950 tragoediae
861 2865 972 2951 poetis
987 2867 1104 2930 Ionem
1127 2872 1161 2930 et
1175 2865 1306 2930 Achae·

136 3006 194 3046 um
234 2982 368 3046 additos
410 3005 482 3046 esse
523 2983 692 3046 existimo
750 2981 847 3058 Quod
887 3004 968 3046 vero
1004 2981 1176 3045 interdurn
1215 2982 1304 3066 apud

138 3099 320 3163 nonnullos
366 3106 528 3182 auctores,
577 3104 616 3162 ut
661 3097 751 3183 apud
791 3098 1004 3162 Athenaeum
1044 3099 1073 3178 (Ι
1106 3098 1171 3179 39),
1215 3097 1305 3161 vitae

137 3213 300 3298 Aeschyli
335 3215 391 3294 (E)
427 3215 624 3299 scriptorem
649 3214 843 3292 (Westerm.
869 3215 981 3294 Βιογρ.
1015 3237 1047 3299 p.
1075 3217 1162 3295 122),
1199 3215 1304 3278 Hora-

139 3329 224 3393 tium
251 3331 363 3415 (epist.
390 3331 425 3394 Π
452 3334 480 3414 l,
507 3333 703 3414 rer—163),
733 3331 799 3394 alia
826 3330 1075 3413 tragoediarum
1105 3329 1306 3414 scriptorum

138 3446 275 3510 nomina
309 3447 478 3529 leguntur,
516 3446 678 3511 momenti
711 3447 813 3510 ullius
852 3469 925 3510 esse
964 3467 1062 3528 nego
1119 3447 1166 3509 Et
1205 3445 1306 3529 apud

137 3562 336 3626 Romanos
372 3563 531 3626 similiter
565 3568 665 3647 atque
696 3562 786 3646 apud
812 3564 958 3626 Graecos
982 3569 1064 3625 tres
1089 3584 1106 3624 e
1131 3569 1306 3645 poetarum

137 3677 342 3761 tragicorum
367 3678 587 3742 multitudine
612 3679 756 3762 optimos
780 3700 853 3741 esse
878 3679 1001 3742 electos
1030 3700 1139 3761 neque
1169 3677 1306 3740 demon-

137 3793 237 3857 strari
262 3815 359 3878 posse
384 3816 493 3878 neque
516 3794 702 3858 verisimile
727 3816 799 3857 esse
825 3816 955 3876 censeo,
990 3815 1190 3877 quamquam
1213 3793 1305 3856 (lice-

136 3930 253 3973 ronem
277 3909 334 3988 (de
358 3915 440 3973 orat.
461 3911 563 3991 1117,
584 3909 639 3989 27)
664 3917 733 3973 tres
757 3910 858 3995 ipsos,
887 3909 1062 3972 Ennium
1085 3908 1307 3972 Pacuvium

137 4023 320 4106 Accium,
347 4048 423 4088 cum
440 4025 579 4089 Graecis
595 4026 663 4088 illis
688 4025 797 4089 tribus
814 4025 923 4108 poetis
941 4045 1132 4108 comparare
1150 4024 1305 4086 concede.

137 4138 185 4203 At
209 4147 343 4224 praeter
367 4141 428 4204 hos
453 4140 702 4224 tragoediarum
726 4140 906 4224 scriptores
924 4141 1068 4203 Graecos
1093 4138 1150 4221 τῆς
1173 4129 1308 4220 πρώτης

138 4247 268 4338 τάξεως,
293 4262 332 4319 ut
348 4255 396 4326 ita
414 4256 535 4340 dicam,
559 4256 664 4320 alius
687 4262 898 4347 poetarum
915 4255 1159 4338 tragicorum
1178 4254 1307 4327 delec-
