2946 4734
627 337 831 402 ,23-

230 515 422 599 Ceteroquin
437 516 647 581 Alexandrini
668 518 840 598 scriptores
856 538 1032 600 eorumque
1049 520 1228 584 imitatores
1249 540 1315 584 non

147 616 252 678 solum
275 635 347 679 cum
372 616 580 693 Venere,sed
602 635 676 679 cum
699 618 848 680 omnibus
870 618 918 681 dis
942 618 1167 702 heroibusque,
1190 621 1245 702 qui
1267 621 1315 685 iu-

149 716 242 777 venili
266 719 298 778 et
316 716 440 779 florenti
458 717 561 779 forma
580 716 807 796 pingebantur,
826 718 964 798 virgines
982 723 1013 782 et
1029 719 1159 782 iuvenes
1175 738 1316 801 aequare

147 817 311 893 solebant,
342 822 376 880 ut
399 838 416 880 a
440 817 568 881 Rohdio
588 817 768 899 expositum
790 822 838 881 est
866 838 896 899 p.
919 818 977 882 155
990 839 1039 901 sq.
1089 819 1176 884 Idem
1200 819 1316 883 deinde

148 917 296 979 disseruit
318 938 348 997 p.
376 917 433 979 152
450 936 531 997 sqq,
560 917 723 997 quomodo
746 916 788 979 illi
811 921 928 998 poetae
950 918 1114 982 radiantes
1135 918 1315 999 puellarum

149 1018 259 1080 oculos
272 1015 467 1097 praedicent,
492 1016 655 1096 quomodo
670 1016 869 1096 singularum
892 1018 1033 1099 corporis
1053 1018 1195 1099 partium
1211 1018 1316 1098 splen·

148 1117 259 1178 dorem
286 1118 318 1178 et
347 1115 482 1178 nitorem
506 1116 746 1179 accuratissime
768 1117 959 1197 depingant,
992 1117 1155 1198 quomodo
1178 1117 1316 1199 denique

150 1216 260 1290 solem,
285 1215 405 1289 lunam,
427 1214 543 1292 stellas,
577 1215 671 1278 flores
693 1217 734 1279 ad
758 1218 1011 1298 comparandam
1035 1217 1224 1281 muliebrem
1247 1217 1318 1297 pul·

150 1315 365 1379 chritudinem
390 1320 576 1378 convocent.
621 1313 715 1380 Haud
747 1316 791 1379 ita
821 1315 923 1396 plenis
943 1317 992 1379 vel
1021 1317 1134 1381 vividis
1156 1317 1316 1380 coloribus

148 1417 285 1496 pingunt
305 1413 416 1477 comici
440 1419 564 1493 poetae,
588 1415 644 1478 sed
666 1416 778 1479 talium
799 1415 1048 1496 pulchritudinis
1064 1416 1314 1497 descriptionum

148 1514 324 1596 primordia
353 1517 479 1576 tanturn
504 1518 535 1577 et
558 1515 648 1578 initia
670 1520 813 1592 exstant,
844 1536 943 1598 quas,
974 1534 1015 1579 ne
1045 1519 1172 1597 tempus
1201 1520 1314 1593 teram,

148 1611 442 1695 praetermittam.¹)
472 1614 594 1677 Tamen
612 1615 693 1678 haec
708 1616 813 1679 Plauti
826 1618 935 1694 verba,
953 1636 1037 1698 quac
1053 1617 1100 1679 de
1121 1615 1315 1679 formosis

148 1715 282 1777 oculis
303 1717 413 1793 agunt,
436 1714 548 1777 eodem
568 1715 632 1778 fere
647 1717 744 1779 modo
760 1717 802 1780 ab
821 1716 969 1797 elegiacis
983 1721 1139 1797 usurpata
1156 1716 1314 1781 invenies:

184 1816 259 1867 llere.
280 1812 329 1864 501

300 1915 335 1952 ne
351 1897 445 1967 plora:
464 1897 546 1952 nimis
564 1899 647 1954 stulte
667 1900 742 1963 facis,
762 1900 853 1954 oculos
871 1900 1021 1968 corrumpis
1039 1900 1115 1954 tales.

183 1983 320 2054 Amphitr.
338 1985 390 2038 529

233 2085 236 2088 ⁴
299 2088 334 2125 ne
350 2087 494 2140 corrumpe
512 2070 602 2124 oculos
621 2069 819 2138 (lacrimando).

183 2156 283 2210 Tibull.
304 2156 330 2209 ll
345 2157 467 2225 15,42sq.

385 2258 441 2295 non
460 2256 511 2311 ego
530 2257 589 2293 sum
608 2238 690 2309 tanti,
709 2241 798 2309 ploret
815 2242 847 2293 ut
864 2239 913 2294 illa
930 2240 1022 2308 semel,

297 2347 347 2384 nec
365 2327 483 2384 lacrimis
502 2328 592 2381 oculos
610 2326 722 2397 dignust
739 2327 851 2382 foedare
868 2327 1002 2396 loquaces.

183 2417 260 2471 Ovid.
280 2431 365 2470 amor.
385 2415 422 2467 ΙΙΙ
441 2415 464 2477 6,
478 2415 511 2468 57

297 2499 364 2569 quid
381 2499 428 2554 fles
446 2502 475 2553 et
492 2497 616 2553 madidos
633 2496 753 2550 lacrimis
770 2496 921 2565 corrumpis
940 2497 1057 2551 ocellos?

183 2586 272 2639 Rufin.
292 2584 396 2638 anthol.
419 2584 473 2637 Pal.
490 2583 515 2638 V
532 2583 601 2645 43‚3

300 2665 368 2731 εἶτα,
388 2667 496 2731 τέκνον,
515 2669 647 2720 κλαίουσα
666 2667 850 2736 κατατρίψας
869 2660 899 2717 τὸ
917 2662 1070 2736 πρόςωπον.
1115 2685 1118 2690 ⁴

229 2754 480 2835 Nonnumquam
511 2757 620 2817 autem
650 2755 781 2816 amatae
808 2751 911 2814 forma
940 2753 971 2812 et
1000 2752 1152 2812 venustas
1174 2767 1211 2811 eo
1233 2746 1315 2809 indi-

148 2860 256 2931 catur,
299 2854 386 2935 quod
415 2858 575 2917 amator
614 2852 752 2916 amica
793 2853 966 2930 aspecta
1006 2847 1151 2911 tremit
1189 2849 1316 2928 atque

148 2954 299 3016 horret
321 2972 426 3035 neque
447 2972 526 3033 prae
544 2957 674 3033 stupore
696 2952 794 3024 ullam
818 2970 930 3015 vocem
949 2949 1094 3013 emittere
1115 2950 1236 3027 potest:

186 3052 275 3104 [ηπ
294 3050 351 3104 Mll'
372 3050 439 3104 1272
453 3067 493 3118 sq·
543 3120 574 3171 ut
591 3115 687 3171 tremit
703 3118 786 3184 atque
804 3113 939 3169 extimuit.

300 3205 447 3274 postquam
466 3205 495 3257 te
514 3200 628 3267 aspexit.

184 3289 292 3343 Terent.
311 3287 435 3342 Eunuch.
454 3286 488 3340 84

610 3358 692 3417 totus,
712 3353 853 3418 Parmeno,

221 3501 224 3507 ,
300 3444 388 3495 tremo
406 3441 572 3509 horreoque,
599 3444 745 3509 postquam
764 3436 857 3499 aspexi
875 3436 954 3489 hanc.

185 3528 275 3582 Plaut.
295 3528 405 3583 Poenul.
425 3528 523 3595 260sq.

558 3610 655 3676 lingua
672 3605 737 3659 huic
755 3603 871 3667 excidit,
897 3605 929 3657 ut
947 3619 997 3671 ego
1016 3600 1121 3670 opinor.

302 3695 376 3765 quid,
396 3695 508 3759 malum,
528 3697 620 3749 astans
641 3689 818 3761 obstipuisti?

223 3881 248 3948 1)
275 3882 319 3936 Sic
336 3883 365 3936 in
387 3881 480 3937 Plauti
498 3877 684 3935 Menaechmis
705 3879 752 3931 180
780 3877 869 3931 amica
888 3891 919 3927 ex
938 3873 1022 3926 ianua
1046 3887 1154 3939 egressa
1178 3887 1239 3923 curn
1264 3868 1320 3922 sole

151 3966 256 4021 oriente
278 3969 466 4036 comparatur.
503 3964 598 4032 Neque
620 3963 703 4031 plane
730 3963 828 4016 desunt
853 3960 1005 4030 puella-rum
1030 3973 1091 4009 cum
1114 3955 1225 4008 floribus
1249 3970 1318 4008 com·

154 4049 319 4117 parationes,
337 4050 435 4120 delego
451 4052 480 4104 te
498 4049 532 4103 ad
551 4047 641 4101 Plauti
660 4048 733 4102 Pers.
752 4049 811 4110 770,
831 4045 939 4099 Trucul.
958 4042 1017 4104 353,
1036 4040 1204 4093 Menaechm.
1224 4038 1272 4092 191
1293 4040 1321 4090 et

153 4132 190 4188 ad
205 4133 329 4189 Terentii
347 4133 470 4188 Eunuch.
489 4133 542 4187 318
558 4149 596 4200 sq.
