2946 4734
696 251 740 315 84

148 419 634 509 ,exprimitparasitumet
651 428 733 491 sub
749 426 847 491 eius
863 427 1023 494 verbis
1045 429 1291 515 corruptos

146 548 290 593 mores
314 528 350 592 in
372 530 640 596 assentationem
663 529 894 612 ostendit,
918 554 1059 619 prorsus
1074 535 1115 600 ut
1129 531 1292 600 honestae

146 653 278 719 quoque
300 655 463 719 personae
486 635 522 699 in
543 635 641 701 huius
658 635 747 702 modi
762 636 861 724 culpa
875 637 1036 704 inventae
1052 638 1142 721 sint‘,
1168 637 1289 704 1087.1

148 758 232 818 ,eum
255 738 376 805 ceteris
399 741 498 805 rebus
515 763 659 806 summus
676 746 777 828 poeta
793 743 897 808 etiam
919 741 937 807 f
943 741 1058 809 idem
1081 742 1292 810 ostendit

147 841 385 916 amicitiae
406 845 699 931 parasiticae
731 847 935 934 exemplo
959 846 1220 915 Gnathonis
1251 847 1292 914 do

146 945 256 1012 milite
277 947 447 1036 loquentis
469 948 533 1017 hoc
554 950 673 1033 modo‘,
698 953 740 1017 cf.
765 953 909 1031 1025.1‚
942 953 1067 1036 446.3,
1101 951 1163 1020 Ph.
1188 953 1289 1019 mal

150 1052 204 1133 ,in
239 1049 320 1119 hac
357 1076 521 1121 scaena
557 1057 605 1122 de
637 1059 871 1143 parasitis
909 1057 1164 1126 vilioribus
1196 1057 1291 1126 Ter.

147 1159 369 1244 proponit
390 1161 632 1247 imaginem
654 1163 802 1245 vitae,
835 1168 874 1230 ut
897 1165 933 1229 in
954 1163 1117 1231 Eunucho
1141 1163 1183 1231 de
1206 1165 1291 1252 poti·

149 1262 274 1328 oribus.
297 1263 631 1332 animadvertendum
647 1271 761 1333 autem
785 1267 1043 1334 huiusmodi
1063 1289 1205 1356 genus
1227 1267 1292 1335 ho·

148 1370 307 1435 minum
338 1371 480 1456 magis
505 1393 525 1436 a
549 1370 772 1464 Terentio
804 1372 1032 1455 lacerari‘,
1067 1372 1153 1438 Eun.
1187 1373 1291 1440 2322

150 1475 225 1557 ,iam
248 1476 332 1542 mire
349 1479 385 1542 et
407 1499 485 1562 pro
509 1476 686 1542 saeculi
708 1498 756 1542 ac
778 1481 1029 1564 temporum
1051 1476 1292 1565 reprehen-

150 1581 278 1647 sione
302 1581 501 1647 satirice
526 1581 621 1663 Ter,
655 1581 744 1668 quod
766 1582 856 1668 apud
878 1605 953 1649 eum
982 1580 1170 1664 ,0111111111
1193 1587 1292 1649 vocat

150 1686 333 1773 simplicem
354 1687 529 1774 parasitus
554 1691 589 1753 et
623 1687 920 1772 „intellegentem‘
943 1686 1088 1770 malum‘,
1121 1687 1164 1754 01.
1189 1686 1292 1754 2602

152 1791 239 1872 ,vide
263 1791 503 1857 secundum
527 1791 656 1878 vulgi
680 1793 939 1879 opinionem
969 1792 1064 1880 loqui
1084 1792 1291 1881 parasitum:

152 1897 350 1980 „miserum“
368 1902 403 1963 et
420 1897 662 1979 „famelicum“,
686 1897 852 1964 hominem
867 1897 1018 1966 honestis
1034 1898 1184 1965 moribus
1199 1918 1293 1986 prae·

151 2003 279 2083 ditnm‘,
326 2004 435 2069 2382
483 2004 791 2086 ,sententiose
836 2009 881 2071 et
926 2003 1208 2071 mordaciter
1251 2003 1294 2068 in

150 2112 314 2189 mores‘,
338 2107 399 2173 Ph.
424 2109 527 2175 wal
553 2110 728 2191 ,irrisit
751 2109 952 2176 homines
976 2109 1083 2191 Ter,
1106 2109 1293 2197 quibusre·

150 2216 232 2303 ligio
257 2220 311 2281 est
332 2213 476 2298 aggredi
498 2215 672 2300 negotium
695 2215 831 2302 aliquod
864 2215 980 2283 diebus
1002 2215 1293 2296 decrescentibus,

151 2321 350 2387 Hecbbbl
377 2319 548 2402 ,laudat
569 2321 736 2408 ubique
760 2320 953 2401 eosTer,
975 2320 1034 2407 qui
1057 2317 1296 2387 consuetudine

151 2425 353 2507 vincuntur‘,
386 2425 603 2491 1111211113
637 2426 725 2508 ,vide
748 2429 787 2491 ut
810 2425 1105 2492 sententiose
1127 2424 1295 2491 demon-

152 2536 278 2598 strat
299 2532 405 2598 malos
428 2554 470 2597 ex
485 2532 579 2598 bonis
597 2531 796 2616 contagione
812 2530 897 2613 fieri,
921 2529 1083 2617 exemplis
1103 2531 1140 2595 in
1153 2550 1295 2618 pravum

151 2635 448 2724 praevalentibus‘,
494 2637 603 2724 praef.
643 2637 691 2701 19
730 2636 775 2719 ,in
812 2635 875 2702 hao
910 2635 984 2702 Ter.
1012 2685 1044 2700 ..
1080 2634 1203 2702 vitia
1230 2633 1295 2701 ho·

152 2742 304 2807 minum
326 2741 719 2829 paulomordacius
745 2762 862 2828 quam
885 2740 1113 2807 inoeteris
1131 2740 1294 2828 carpit‘,

152 2849 259 2914 2512
284 2848 469 2934 ,praeclare
486 2848 575 2926 Ter,
600 2847 688 2933 quod
704 2869 724 2910 a
748 2846 940 2912 satirico
964 2845 1005 2912 de
1020 2844 1098 2912 11110
1113 2845 1296 2926 diceretur,

152 2954 188 3020 id
210 2953 265 3020 hio
295 2953 336 3020 de
368 2976 403 3019 se
426 2952 591 3018 dicentem
615 2951 762 3034 inducit,
798 2950 943 3017 facetius
976 2950 1101 3033 multo,
1137 2972 1237 3038 quam
1268 2948 1296 3016 si

153 3059 256 3125 aliter
287 3058 443 3138 fecisset,
476 3063 738 3140 κακολογῶν
771 3077 917 3122 mores
949 3060 1201 3143 temporum
1231 3055 1296 3123 iam

152 3169 225 3232 tum
251 3164 451 3230 vitiatorum
475 3186 534 3249 per
558 3161 837 3244 assentationem,
863 3161 950 3248 quod
973 3160 1047 3226 1010
1070 3160 1105 3226 11
1127 3160 1296 3249 plerisque

153 3269 278 3337 fabulis
310 3273 479 3334 monstrat
511 3272 596 3349 etc‘,
630 3267 711 3333 Hec.
735 3266 841 3331 2743
877 3265 1097 3347 ,01110111
1130 3269 1296 3354 poetae

153 3377 260 3443 boni
283 3379 371 3456 est,
405 3374 580 3439 nullum
608 3396 749 3458 genus
772 3372 994 3438 hominum
1017 3370 1297 3458 specialiter

154 3480 363 3547 laedere‘.
420 3478 548 3558 Quibus
584 3477 720 3544 scholiis
751 3477 787 3543 id
821 3476 909 3564 quod
939 3475 1075 3543 scholiis
1098 3479 1297 3542 111010110-

155 3585 240 3652 tatis
274 3590 471 3651 enarratum
509 3588 561 3649 est
595 3582 798 3669 completur,
833 3583 885 3648 ita
918 3585 956 3647 ut
982 3579 1067 3646 nihil
1099 3580 1176 3647 fere
1206 3579 1299 3647 ultra

151 3796 397 3868 Ἀνδρομάχης
415 3795 653 3865 προσχήματί
672 3795 1008 3864 φησινΕὐριπίδης
1026 3796 1091 3858 κτλ,
1117 3807 1172 3860 quo
1191 3790 1299 3846 tametsi

156 3906 210 3942 non
221 3888 255 3941 ad
266 3887 473 3955 ethographiam
482 3888 608 3955 pertinet,
619 3894 709 3940 tamen
719 3885 921 3938 demonstratur
931 3884 998 3936 haec
1007 3883 1097 3937 omnia
1106 3881 1212 3936 scholia
1220 3881 1299 3935 unius

156 3977 279 4030 familiae
307 3993 366 4029 esse
393 3978 528 4043 membra,
557 3977 633 4028 cuius
654 3976 801 4029 membrum
827 3973 1052 4041 cthographicum
1078 3972 1123 4024 hie
1141 3962 1299 4025 tractamus.

157 4068 283 4120 conferas
311 4069 392 4120 etiam
421 4084 443 4120 e.
464 4084 487 4133 g.
515 4066 557 4118 El.
585 4070 619 4120 62
649 4074 731 4133 pocta
750 4060 900 4133 τετόλμηκέ
920 4083 946 4116 τι
965 4059 1109 4130 κακόηθες
1135 4058 1228 4114 εἰπεῖν
1253 4057 1300 4113 nal

156 4158 483 4224 προσκρουστικὸν
509 4155 562 4217 εἰς
585 4158 669 4217 τοὺς
689 4158 769 4209 καθ’
791 4148 926 4207 ἔαυτόν
945 4169 1005 4205 cum
1024 4151 1116 4205 verbis
1135 4150 1300 4229 scholiorum

157 4247 192 4301 ad
212 4249 418 4316 ethographiam
438 4248 629 4315 spectantium.
