2946 4734
700 255 742 321 37

147 435 310 512 tenemur‚
340 429 463 517 quippe
486 430 605 517 quibus
628 450 729 496 causa
750 429 802 497 rei
825 429 1033 510 exhibeatur,
1064 429 1158 496 cuius
1191 428 1294 497 aliam

148 557 281 602 causam
324 535 420 600 nobis
461 534 620 601 exhibere
655 533 754 614 lieet,
794 556 893 621 quam
929 533 1026 601 modo
1065 533 1291 617 exhibuimus;

146 640 466 719 Don.uun.615.1
492 662 543 722 ‚ea
564 660 709 726 persona
732 640 886 726 quaesita
908 642 971 720 est,
996 661 1082 726 qnae
1104 640 1294 707 terribilem

147 744 267 812 eredat
288 745 440 827 militem,
464 748 565 812 uteo
588 745 696 831 magis
718 745 753 810 in
776 744 980 831 experiundo
1003 767 1128 811 vacuus
1152 767 1191 812 ac
1213 744 1293 810 ridi·

147 850 243 917 culus
266 873 339 918 esse
360 851 490 938 possit,
514 850 580 916 Ad.
596 851 705 915 4422
729 848 825 931 ‚illud
844 871 925 915 sane
939 849 1183 932 admirandum,
1207 849 1292 916 eius·
1342 848 1347 859 ’

147 955 237 1021 modi
258 958 365 1022 verba
377 955 542 1042 Hegionis
565 954 687 1036 induci,
711 954 825 1042 qualia
840 975 912 1021 esse
927 954 1119 1021 debuerunt
1142 1005 1171 1021 ..
1195 953 1293 1021 amici

147 1060 313 1142 Demeae,
335 1061 378 1126 80
394 1065 443 1142 ,ut
458 1061 609 1148 asperior
625 1059 826 1128 ostendatur
838 1059 975 1141 Demea,
1000 1059 1103 1126 etiam
1119 1059 1292 1126 salutatur

147 1159 261 1247 abeo,
289 1188 387 1253 quem
410 1166 650 1251 obiurgatnrus
673 1168 747 1247 esc,
780 1165 884 1231 174.1
917 1165 1167 1246 ,convenienter
1190 1169 1292 1251 poeta

141 1270 335 1337 'avidiorem
357 1270 579 1337 maleficiendi
611 1270 742 1337 inducit
776 1293 921 1352 servum,
960 1293 1034 1336 cum
1068 1292 1170 1356 supra
1202 1269 1292 1355 (159)

147 1374 314 1443 dominum
336 1376 481 1443 invitum
504 1374 695 1443 ostenderit
717 1376 792 1461 cogi
813 1376 858 1441 ad
880 1374 1091 1441 inferendam
1111 1373 1291 1455 iniuriam‘,

147 1481 243 1546 9813
268 1479 339 1563 ,hoe
363 1481 436 1568 egit
459 1481 548 1563 Ter„
572 1485 612 1547 ut
633 1481 805 1547 conversis
837 1481 956 1548 officiis
979 1502 1084 1567 usque
1107 1479 1191 1546 adeo
1214 1502 1291 1566 pro·

147 1585 261 1672 dignm
275 1586 406 1653 faceret
417 1585 587 1668 Demeam,
603 1586 709 1653 donec
724 1586 910 1673 parciorem
921 1585 1083 1653 redderet
1094 1584 1291 1665 Micionem,

147 1691 233 1756 Eun.
257 1691 363 1758 230.1
389 1695 583 1776 οἰκονομία,
615 1713 682 1779 qua
712 1691 905 1758 ostenditur
933 1695 1107 1757 amaturus
1132 1689 1291 1771 Chaerea,

147 1796 176 1861 si
198 1795 330 1882 quidem
353 1795 439 1861 hano
461 1796 627 1863 Parmeno
648 1796 721 1883 ipse
745 1796 911 1862 miratur’.

234 1901 387 1988 Denique
400 1924 525 1967 novum
539 1901 667 1989 aliquid
682 1901 733 1968 his
750 1902 883 1970 scholiis
899 1902 1138 1989 comperimus:
1155 1900 1210 1966 Ai.
1227 1900 1293 1966 864

148 2009 201 2071 δεῖ
221 2009 383 2090 καρτερόν
417 2032 491 2072 τινα
515 2003 601 2073 εἶναι
623 2011 682 2073 τὸν
706 2009 891 2091 ὑποκριτὴν
915 2007 984 2073 scil.
1009 2007 1125 2073 Aiacis
1150 2008 1195 2083 ὡς
1218 2007 1292 2086 ἄξαι

147 2115 225 2188 τοὺς
253 2113 376 2188 θιατδις
408 2115 455 2188 εἰς
487 2114 548 2195 τὴν
581 2123 640 2177 τοῦ
667 2119 811 2189 Αἴαντος
842 2117 1040 2196 φαντασίαν,
1071 2112 1126 2177 Ai.
1152 2113 1218 2177 334
1241 2114 1294 2176 δεῖ

147 2219 205 2281 τὸν
236 2217 504 2300 ὑποκρινόμενον
533 2221 571 2283 τὸ
604 2227 664 2283 τοῦ
699 2224 842 2294 Αἴαντος
865 2221 1046 2300 πρόσωπον
1079 2216 1292 2304 ἀπηνεστέρφ

148 2321 335 2406 χρήσασθαι
357 2331 402 2410 τςῖ
424 2322 591 2405 φθέγματι
615 2321 668 2387 καὶ
692 2325 916 2406 κυνικώτερον
939 2323 1082 2406 βαΰζειν,
1114 2321 1203 2388 Phil.
1227 2322 1292 2386 226

148 2429 200 2492 δεῖ
221 2426 324 2492 αὐτὸν
356 2427 599 2511 ἐξηγριωμένον
629 2429 800 2512 εἰσφέρειν
829 2438 869 2514 τῇ
899 2430 973 2505 ὄψει
996 2428 1050 2494 καὶ
1073 2433 1119 2515 τῷ
1141 2437 1290 2513 σχῆματι,

148 2531 247 2618 Soph.
265 2532 326 2598 vit.
344 2533 414 2597 sub.
431 2531 506 2597 init.
531 2530 636 2617 φησὶν
651 2532 778 2616 Ἴστρος
801 2582 808 2597 .
827 2583 833 2596 .
858 2533 961 2599 αὐτὸν
977 2556 1020 2599 so.
1038 2532 1236 2619 Sophoclem
1259 2584 1266 2598 .
1284 2583 1291 2597 .

147 2639 231 2718 πρὸς
253 2638 311 2713 τδς
333 2639 450 2722 φύσεις
483 2637 593 2703 αὐτῶν
616 2660 660 2703 sc.
683 2637 894 2704 histrionum·
918 2640 1043 2720 γράψαι
1069 2641 1109 2704 τὰ
1132 2640 1291 2721 δράματα,

148 2741 218 2806 scil.
242 2763 284 2808 ne
313 2743 465 2829 corporis
497 2743 631 2830 quidem
663 2743 815 2810 habitum
847 2749 950 2830 atque
981 2744 1125 2809 formam
1148 2749 1183 2809 et
1207 2764 1292 2829 quae

148 2848 217 2913 eius
241 2849 376 2932 generis
397 2855 476 2914 sunt
490 2849 631 2932 indigna
645 2849 821 2936 putavisse
835 2856 981 2936 poetam,
1005 2871 1091 2935 quae
1108 2847 1291 2931 diligenter

148 2954 329 3020 observata
359 2953 521 3021 adiuvent
544 2954 588 3021 ad
616 2953 829 3041 ethopoeiam
852 2959 888 3020 et
910 2954 1071 3033 efficiant,
1103 2958 1143 3017 ut
1165 2951 1291 3017 certius

148 3079 186 3123 ac
208 3056 342 3128 facilius
365 3081 585 3145 personarum
607 3081 717 3125 mores
741 3060 949 3146 perspiciant
973 3061 1197 3145 spectatores.

234 3162 367 3228 Addam
390 3163 492 3231 liceat
513 3165 590 3230 hnic
605 3165 700 3252 parti
715 3187 890 3231 numerum
905 3164 1071 3251 quendam
1090 3162 1293 3229 scholiorum

147 3267 231 3334 bene
264 3270 440 3350 notorum,
479 3291 565 3355 quae
598 3270 750 3355 quamvis
784 3293 850 3335 non
883 3268 1109 3335 necessarium
1150 3267 1197 3333 sit
1237 3265 1292 3331 hic

148 3373 311 3460 proponi,
355 3379 468 3440 tamen
513 3375 556 3440 ad
602 3380 708 3442 totam
754 3398 826 3441 rem
867 3375 985 3441 melius
1031 3372 1292 3460 intellegendam

148 3501 214 3544 non
248 3479 384 3545 inutilia
413 3480 583 3546 videntur.
631 3480 719 3546 Sunt
753 3481 840 3545 enim
878 3481 1005 3547 scholia
1039 3480 1081 3546 de
1114 3483 1292 3566 poetarum

150 3584 300 3670 ipsorum
328 3589 454 3650 natura
482 3595 584 3672 atque
615 3586 726 3652 indole
759 3586 888 3673 aliquid
917 3586 1151 3673 proponentia.
1198 3584 1291 3664 Quae

150 3689 276 3756 scholia
308 3689 352 3755 ad
382 3689 467 3756 hanc
498 3692 639 3776 primam
671 3691 915 3777 ethographiae
951 3697 1084 3778 partem
1117 3689 1292 3776 pertinere

151 3794 268 3860 statim
292 3793 395 3861 vides.
441 3796 490 3862 Ut
513 3796 600 3862 enim
622 3796 665 3862 ad
690 3797 794 3862 verba
817 3796 989 3862 cuiusdam
1012 3817 1176 3882 personae
1198 3796 1292 3860 recte

150 3898 380 3985 intellegenda
411 3923 519 3966 mores
546 3900 611 3987 ipsi
643 3900 814 3966 interdum
837 3901 961 3967 debent
994 3899 1147 3966 adhiberi
1170 3904 1230 3964 aut
1254 3903 1292 3962 ut
1318 3905 1323 3917 ’

151 4005 293 4071 alterius
309 4027 471 4091 personae
486 4029 594 4073 mores
611 4007 739 4072 certius
756 4006 1005 4092 intelleguntur
1022 4005 1091 4071 alia
1103 4026 1246 4091 persona
1257 4003 1292 4068 in

151 4111 435 4196 comparationem
457 4118 588 4192 vocata,
620 4111 672 4177 ita
693 4111 729 4176 in
754 4112 946 4177 universum
969 4111 1106 4177 fabulae
1128 4130 1291 4197 personas

151 4215 277 4282 rectius
309 4215 545 4302 perspiciemus
576 4216 683 4303 ipsius
707 4223 829 4304 poetae
852 4239 997 4303 persona
1020 4216 1157 4303 eiusque
1181 4212 1292 4279 indole

150 4323 252 4406 atque
275 4319 515 4386 consuetudine
530 4320 566 4384 in
582 4322 813 4408 quaestionem
828 4331 958 4403 vocata,
983 4321 1134 4408 quamvis
1151 4340 1291 4405 genere-
