2946 4734
794 255 816 320 4

234 429 473 518 aquosissimus
518 427 671 515 quamvis
716 450 784 493 non
828 428 1026 514 purissimus
1072 431 1126 494 est
1169 427 1384 511 scholiorum,

234 557 332 622 quem
369 533 478 600 adhuc
510 532 609 620 pauci
639 533 840 600 inviserant.
891 532 997 614 Quem
1034 532 1177 620 primum
1214 533 1384 600 adeamus.

205 639 313 719 ,Non
343 643 457 705 autem
490 638 600 704 omnia
634 637 761 705 scholia
794 638 910 705 eodem
937 637 1035 703 modo
1067 638 1144 704 usui
1176 641 1258 706 sunt
1287 639 1385 706 nobis

206 728 211 807 ,ἶ
235 742 309 826 περὶ
334 745 430 827 ἠθῶν
452 742 642 830 agentibus,
667 742 726 808 sed
747 742 856 829 primo
878 743 952 809 loco
975 742 1011 807 in
1033 745 1154 829 poetas
1177 742 1384 810 dramaticos

207 842 371 930 ischclia,
401 848 511 914 idest
534 847 569 912 in
590 846 809 934 Aeschylum,
834 846 1041 934 Sophoclem,
1073 847 1281 934 Euripidem,
1304 848 1384 914 Ari·
1441 852 1445 861 '

209 934 443 1040 ¹·L,s‘tophanem,
460 938 666 1020 Terentium.
709 951 776 1019 Sed
797 975 839 1017 ne
862 951 945 1018 haec
967 951 1101 1039 quidem
1124 951 1272 1019 eiusdem
1294 952 1385 1039 quod

213 1030 219 1082 ἕ
235 1057 381 1124 adhunc
396 1079 468 1123 rem
482 1056 635 1144 pertinet
649 1056 761 1144 pretii.
800 1056 857 1122 Ad
873 1078 973 1143 quam
989 1055 1116 1123 scholia
1130 1055 1385 1143 Aristophanes

149 1172 153 1180 '
234 1161 319 1228 nihil
340 1163 414 1228 fere
436 1162 562 1243 valent,
596 1162 685 1249 quod
706 1184 774 1228 non
801 1161 999 1243 mirandum,
1033 1183 1119 1256 cum
1134 1161 1384 1257 Aristophanes

231 1267 308 1359 ipsc
330 1290 398 1351 non
420 1267 472 1335 ita
505 1267 649 1335 multum
683 1279 753 1344 τοῖς
788 1269 887 1350 ᾔθεοι
924 1266 1199 1356 εὑηᾱαθνὶὺκςνί
1228 1266 1298 1333 alia
1320 1267 1384 1334 sibi

234 1372 422 1465 proposuit.
456 1371 509 1438 Ne
523 1372 645 1458 longus
669 1372 745 1438 sim:
769 1372 832 1439 hoc
855 1372 929 1439 loco
952 1372 1027 1458 ipsa
1040 1371 1167 1438 scholia
1182 1371 1383 1460 Aeschyleo,

236 1464 430 1566 Sophoclea,
455 1479 649 1567 Euripides,
674 1479 880 1545 Terentiana
910 1483 1063 1546 tractare
1089 1479 1186 1547 nobis
1209 1480 1383 1566 proposui-

234 1608 317 1663 mus,
342 1607 426 1672 quae
449 1585 530 1672 quin
552 1584 733 1672 praecipue
756 1584 800 1650 ad
821 1582 908 1650 hanc
930 1608 1001 1651 rem
1027 1585 1225 1672 pertineant
1247 1585 1385 1651 dubium

235 1712 308 1757 esse
340 1712 409 1757 non
439 1693 563 1776 potest,
598 1712 666 1755 non
697 1690 895 1775 ignorantes
929 1689 968 1771 ei,
1003 1690 1062 1776 qui
1092 1689 1268 1757 absolvere
1298 1690 1385 1756 velit

233 1794 310 1877 περὶ
326 1797 422 1878 ἠθῶν
444 1795 656 1882 disciplinam
677 1794 902 1876 tractandam
928 1795 1039 1861 omnia
1057 1794 1184 1861 scholia
1199 1817 1260 1861 nec
1275 1796 1383 1861 solum

234 1900 487 1988 Aristophanes
502 1900 561 1967 sed
576 1901 680 1967 etiam
694 1900 882 1981 Homerica,
897 1899 1098 1966 Theocritea
1113 1904 1176 1967 etc.
1193 1899 1384 1968 adhibenda

237 2028 319 2073 esse.
364 2006 437 2072 Hac
460 2010 575 2072 autem
598 2006 710 2092 operis
733 2009 833 2091 parte
856 2006 1032 2072 absolvere
1054 2027 1127 2072 rem
1147 2027 1209 2072 nec
1228 2005 1383 2074 volumus

235 2133 296 2178 nec
318 2134 501 2198 possumus,
525 2112 625 2177 immo
649 2110 906 2177 fundamentum
928 2110 1085 2176 idoneum
1106 2111 1218 2177 iacere
1236 2111 1333 2178 nobis
1348 2111 1383 2177 in

236 2217 347 2282 animo
380 2220 441 2282 est.
487 2216 663 2282 Interdum
696 2216 826 2281 scilicet
858 2221 893 2282 et
915 2216 974 2282 ubi
1006 2238 1061 2282 res
1092 2216 1269 2303 postulare
1291 2216 1383 2284 vide·

233 2321 338 2402 bitur,
374 2322 478 2387 etiam
511 2320 580 2386 alia
614 2321 740 2386 scholia
774 2321 831 2388 vel
865 2321 1067 2408 scriptorum
1101 2321 1191 2388 locos
1226 2321 1294 2387 iam
1328 2321 1384 2388 hic

237 2425 475 2492 exhibebimus.

321 2530 467 2596 Miretur
491 2530 654 2617 quispiam
676 2553 744 2596 non
760 2530 959 2617 diligentius
976 2552 1028 2596 me
1044 2529 1236 2597 discernere
1256 2529 1384 2597 scholia

235 2634 368 2702 Graeca
390 2635 585 2720 tragoedias
614 2635 848 2722 interpretata
870 2658 890 2701 a
912 2636 1048 2701 Donato
1072 2634 1259 2701 comoedias
1274 2635 1383 2702 inter-

234 2743 383 2827 pretato.
409 2739 475 2807 Sed
487 2740 530 2805 ad
543 2739 801 2827 ethographiam
814 2740 996 2806 eruendam
1008 2740 1090 2806 haec
1102 2740 1299 2806 differentia
1310 2740 1383 2806 fere

196 2882 199 2909 ;
233 2867 300 2910 non
316 2845 436 2911 refert.
460 2844 684 2941 oneiam
697 2845 786 2910 enim
797 2845 856 2910 νέα
868 2847 1024 2933 κωμῳδία
1037 2845 1165 2932 recepit
1176 2845 1384 2931 etragoedia

233 2950 288 3016 vel
297 2951 409 3036 potius
418 2935 640 3036 abEuripide,
651 2936 1382 3038 quiquamnecSophoclesnequeAeschylus

233 3055 455 3139 neglexerant
479 3054 677 3139 diligentius
700 3054 855 3121 instituit
878 3055 1101 3142 subtiliusque
1118 3055 1319 3134 elaboravit,
1343 3061 1383 3122 ut

234 3183 367 3247 semper
390 3160 527 3248 propius
551 3160 594 3224 ad
616 3161 724 3226 vitam
739 3161 915 3227 accederet
929 3164 966 3227 τὸ
983 3164 1102 3245 δρᾶμα.
1147 3161 1241 3226 Νέαν
1261 3161 1382 3228 deinde

233 3267 420 3351 κωμῳδίαν,
449 3288 533 3352 quae
558 3265 638 3351 quin
661 3266 840 3352 praecipue
862 3266 969 3332 vitam
998 3267 1105 3353 ipsam
1126 3266 1286 3333 inducere
1316 3266 1382 3334 sibi

233 3371 452 3455 proposuerit
485 3393 580 3436 nemo
615 3369 760 3450 dubitat,
797 3370 883 3436 hanc
917 3370 1129 3457 ethopoeiam
1163 3370 1382 3438 subtilissime

235 3474 403 3541 excultam
426 3475 578 3560 inprimis
601 3476 768 3561 recepisse
791 3479 1052 3541 consentaneum
1067 3479 1130 3542 est.
1155 3498 1240 3562 quar
1284 3499 1381 3563 opor-

233 3583 287 3646 tet
310 3579 521 3667 ethopoeiam
543 3579 711 3664 tragicam
735 3584 770 3645 et
793 3581 950 3646 comicam
967 3580 1065 3646 simul
1082 3584 1242 3662 tractare,
1266 3603 1381 3667 quam-

233 3685 285 3751 vis
296 3708 364 3750 non
375 3706 483 3771 pauca
495 3684 620 3750 scholia
632 3684 806 3751 inventuri
819 3686 931 3767 simne,
945 3707 1031 3771 quae
1047 3685 1102 3751 vel
1113 3678 1313 3772 tragoediae
1325 3686 1382 3754 vel

234 3789 423 3855 comoediae
446 3789 584 3876 propria
610 3789 893 3877 interpretentur.
927 3789 984 3854 Ad
1000 3812 1160 3855 summam
1176 3792 1290 3855 autem
1306 3813 1381 3877 spe-

234 3916 348 3960 ramus
365 3895 548 3960 allaturam
563 3917 635 3960 esse
651 3895 760 3960 lucem
775 3895 919 3961 comicae
938 3895 1106 3981 tragicam
1122 3893 1380 3982 ethographiam

234 4004 270 4066 et
291 4001 443 4086 tragicae
467 3999 634 4066 comicam.

318 4105 448 4171 Deinde
471 4104 526 4170 hic
555 4105 657 4170 semel
679 4127 795 4171 moneo
819 4103 854 4169 in
876 4105 1070 4171 universum
1091 4129 1159 4172 non
1182 4105 1381 4173 distinctum

232 4210 277 4276 iri
300 4209 426 4277 scholia
448 4232 534 4296 quae
557 4212 651 4275 recte
674 4212 712 4274 τὰ
728 4212 796 4293 ἤθη
818 4210 1052 4297 interpretata
1067 4211 1137 4277 sint
1152 4213 1193 4277 ab
1211 4209 1269 4292 eis,
1293 4232 1380 4298 quae

232 4315 331 4397 falso,
367 4314 426 4381 sed
459 4314 495 4379 id
530 4336 610 4380 sane
644 4315 770 4400 agitur,
806 4318 846 4380 ut
880 4315 1030 4383 omnibus
1061 4337 1080 4381 e
1111 4314 1246 4383 scholiis
1279 4338 1380 4403 quam
