2946 4734
702 259 745 326 38

147 434 230 501 liter
253 432 492 520 postulandum
522 431 579 515 sit,
609 438 650 500 ut
674 433 767 501 nullo
798 434 896 520 quasi
924 433 1051 501 anxilio
1074 433 1214 522 insuper
1237 434 1297 501 ed-

147 542 268 606 vooato
292 561 311 605 e
332 537 450 605 fabula
472 539 547 625 ipsa
567 539 700 626 possint
722 539 878 624 intellegi
897 539 1090 605 fabularum
1119 561 1294 629 personae.

148 645 256 727 Quam
281 644 484 711 sententiam
506 644 603 710 nobis
626 646 770 730 praebet
792 644 894 711 schol.
911 645 1023 711 Prom.
1043 644 1105 712 177
1123 656 1223 712 τοῦτο
1238 655 1297 730 τῆς

147 748 375 834 μεγαλοφυίας
408 750 581 834 Αἰσχύλου
614 747 668 814 καὶ
696 749 908 833 Προμηθέως
933 751 1036 830 άξιον,
1072 751 1108 817 ιδ
1131 752 1213 835 μετὰ
1234 753 1297 835 τὴν

94 848 98 858 ’
148 856 247 919 λύσιν
271 856 390 931 ποινάς
412 858 518 920 αἰτεῖν
533 857 592 921 τὸν
608 860 685 937 Δία,
710 857 745 921 111
761 879 826 943 quo
843 855 970 922 scholio
986 855 1140 923 breviter
1161 855 1297 943 quidem

149 959 207 1025 sed
223 960 309 1026 satis
325 961 417 1026 clare
435 960 471 1026 id
485 961 594 1048 ipsum
609 959 791 1029 indicatum
810 969 872 1042 est,
897 981 982 1049 quae
997 961 1191 1028 intercedet
1205 960 1295 1028 ratio

148 1065 241 1130 inter
263 1068 386 1152 poetae
409 1064 515 1152 ipsius
538 1070 698 1133 naturam
729 1070 833 1153 etque
854 1065 1100 1154 proprietatem
1124 1069 1160 1133 et
1181 1086 1296 1154 perso·

148 1193 268 1237 norum
300 1170 515 1236 inductorum
542 1194 668 1254 mores;
704 1193 844 1258 quocum
876 1171 1080 1237 conveniunt
1102 1171 1297 1238 Donationa

148 1275 214 1342 Ad.
232 1277 339 1341 855.1
366 1276 458 1357 ‚adeo
482 1277 579 1342 fovet
596 1276 673 1342 Ter.
691 1276 963 1343 clementioribus
986 1283 1089 1363 atque
1107 1267 1295 1343 mitisSimis

148 1381 315 1469 patribus,
348 1385 388 1447 ut
420 1382 506 1448 hune
537 1403 669 1469 qnoque
700 1383 801 1448 dunat
827 1381 871 1448 ad
894 1382 1099 1448 sententiam
1120 1381 1295 1464 Micionis‘,

150 1488 213 1552 995
248 1487 367 1567 ,noluit
389 1487 465 1553 Ter.
490 1489 531 1552 ab
559 1487 728 1554 amoribus
752 1487 899 1554 filiorum
930 1490 1093 1574 perpetuo
1125 1486 1297 1574 repulsum

150 1594 306 1679 patrem,
337 1592 400 1657 707
433 1615 549 1679 ‚paene
574 1593 711 1658 videtur
741 1592 932 1658 huiusmodi
961 1595 1096 1680 petrem
1117 1591 1196 1658 Ter.
1220 1614 1296 1679 pro-

150 1699 251 1764 bare‘.
298 1698 423 1762 Tamen
446 1697 509 1763 hoo
531 1697 628 1763 modo
653 1697 694 1763 de
718 1697 894 1784 disciplina
917 1696 1046 1784 aliquid
1067 1697 1209 1784 probari
1230 1718 1297 1762 non

150 1803 389 1869 contenderim.
437 1803 559 1889 Itaque
591 1826 693 1889 porro
723 1803 849 1869 scholia
871 1802 1035 1888 graviora
1057 1805 1198 1868 enotare
1220 1823 1296 1868 oon-

149 1911 267 1974 tentns
297 1931 355 1975 ero
389 1932 455 1974 non
489 1913 560 1975 tam
592 1908 751 1995 religiose
781 1909 993 1994 distinguens
1027 1908 1119 1974 inter
1152 1907 1295 1994 singule,

151 2014 278 2080 maiore
301 2037 344 2078 an
367 2015 495 2079 minore
518 2016 592 2080 iure
615 2013 669 2079 1110
693 2016 885 2079 enotentnr.

238 2118 286 2185 Et
298 2119 338 2184 de
355 2119 569 2205 Euripide
586 2119 719 2207 quidem
733 2118 881 2205 plurima
896 2121 1034 2186 exstant
1050 2122 1086 2185 et
1101 2118 1296 2206 plerumque

152 2224 368 2312 vituperandi
391 2247 492 2291 oense
516 2247 536 2290 a
560 2225 750 2291 scholiastis
774 2225 935 2307 exhibita,
961 2225 1031 2291 3011.
1048 2224 1129 2290 Eur.
1147 2223 1209 2290 vit.
1235 2224 1297 2289 sub

150 2334 206 2398 fin.
231 2335 419 2396 ἔσκωπτε
450 2332 521 2406 τδις
552 2342 762 2413 γυναῖκας
794 2332 850 2395 διδ
881 2343 947 2395 τῶν
979 2330 1182 2414 ποιημάτων,
1215 2327 1296 2409 Ηοο.
1365 2318 1367 2329 ’

152 2439 215 2504 923
240 2439 460 2517 διασυρτικῶς
482 2448 661 2517 γυναικῶν,
686 2436 764 2501 Tro.
779 2437 865 2501 1057
881 2439 918 2501 τὸ
940 2438 1022 2500 κατὰ
1044 2447 1111 2500 τῶν
1127 2445 1296 2516 γυναικών

152 2555 249 2626 μῖσος
290 2541 409 2607 ἑαυτοῦ
454 2539 509 2604 καῖ
543 2543 598 2604 διδι
641 2543 768 2607 τούτων
811 2546 1011 2624 παρίστησιν
1047 2540 1065 2606 δ
1099 2539 1295 2623 Εὐριπίδης,

151 2647 253 2735 Hipp.
289 2647 352 2710 953
397 2649 547 2723 τοιοῦτός
594 2647 684 2711 ἐστιν
718 2645 781 2712 άεί
815 2649 860 2711 τδι
898 2647 1055 2730 ἡρωῖκδ
1090 2647 1297 2730 πρόσωπα

153 2755 338 2837 εἰσάγων
369 2760 707 2836 φιλοσοφοῦντα,
740 2752 819 2819 Tro.
845 2753 909 2817 634
938 2752 979 2818 οὐ
1011 2751 1199 2836 στοχάζεται
1230 2761 1297 2814 τῶν

152 2860 383 2944 ὑποκειμένων
406 2862 615 2940 προσώπων·
639 2859 694 2923 καὶ
717 2860 779 2941 γδιρ
803 2869 867 2922 νῦν
890 2857 1131 2942 ἡἈνδρομάχη
1153 2857 1193 2919 τδι
1216 2841 1315 2920 αὐτὰΙ

154 2970 338 3047 φιλοσοφεῖ
359 2965 442 3045 άπερ
467 2965 520 3028 καὶ
545 2967 737 3047 ἔμπροσθεν
754 2964 773 3046 ἡ
790 2964 981 3045 Κασάνδρα,
1007 2960 1214 3026 Ρ11οο11.388
1237 2961 1298 3025 οὐκ

77 3104 80 3112 ,
154 3071 190 3134 ἐν
222 3071 332 3134 δέοντι
372 3068 408 3133 δὲ
453 3075 663 3153 γνωμολογεῖ
710 3070 871 3133 τοιούτων
915 3079 1026 3132 κακῶν
1069 3067 1298 3148 περιεστώτων

153 3177 214 3257 τὴν
260 3178 380 3238 πόλιν·
415 3186 566 3250 τοιοῦτος
600 3172 635 3238 δὲ
679 3180 847 3259 πολλαχοῦ
887 3174 903 3239 δ
936 3172 1135 3254 Εὐριπίδης,
1172 3169 1296 3237 Phoen.

155 3281 239 3346 1539
272 3280 356 3354 ὅλως
388 3269 424 3343 ἐν
456 3291 558 3345 πᾶσιν
592 3280 608 3345 δ
640 3280 829 3362 Εὐριπίδης
869 3279 1157 3362 πτωχοποιός
1198 3275 1297 3353 ε’στιν,

154 3387 195 3452 cf.
231 3385 332 3451 3011ο1.
366 3385 429 3449 Ar.
459 3384 544 3450 th.
575 3386 637 3449 411
676 3384 776 3450 Dind.
812 3385 966 3470 κωμῳδεῖ
996 3384 1099 3447 αὐτὸν
1134 3382 1179 3458 ὡς
1216 3404 1298 3446 πτω·

153 3495 234 3576 γοὺς
276 3490 330 3554 καί
371 3495 547 3566 ταπεινοὺς
582 3491 757 3571 εἰσάγοντα
796 3493 873 3565 τοὺς
903 3490 1014 3571 ἥρωας
1045 3487 1099 3571 (cf.
1134 3487 1224 3570 425),
1255 3485 1297 3552 ef.

153 3596 261 3660 Andr.
287 3597 328 3660 32
353 3597 528 3677 ἐγκαλοῦσι
559 3606 605 3682 τῳ
628 3596 798 3680 Εὐριπίδῃ
830 3596 1015 3679 φάσκοντες
1042 3591 1095 3657 ε’π1
1130 3602 1300 3674 τραγικοῖς

154 3705 348 3785 προσώποις
389 3704 567 3786 κωμῳδίαν
609 3702 712 3766 αὐτὸν
758 3703 1022 3765 διατεθεῖσθαι.
1059 3709 1228 3780 γυναικῶν
1264 3718 1299 3760 τε

154 3808 217 3889 γδιρ
248 3808 412 3882 ὑπονοίας
441 3807 512 3870 κατ’
540 3807 692 3890 ἀλλήλων
723 3804 776 3870 καὶ
810 3809 928 3888 ζήλους
959 3803 1013 3868 καὶ
1044 3805 1215 3887 λοιδορίας
1245 3799 1298 3866 καὶ

155 3913 238 3976 ἄλλα
262 3912 323 3976 ὅσα
347 3915 394 3988 εἰς
416 3915 594 3998 κωμῳδίαν
618 3918 776 3991 συντελεῖ,
802 3911 948 3975 ἐνταῦθα
971 3909 1186 3988 ἁπαξάπαντα
1201 3917 1300 3972 τοῦτο

155 4019 192 4081 τὸ
215 4019 323 4100 δρᾶμα
358 4018 617 4101 περιειληφέναι,
653 4017 751 4081 Dion.
778 4015 886 4081 Helio.
911 4014 951 4079 de
975 4022 1042 4079 vet.
1068 4013 1185 4099 script.
1212 4033 1299 4078 oens.

155 4120 192 4185 Π
216 4123 255 4186 11
280 4145 312 4209 p.
335 4123 399 4187 423
423 4122 539 4188 Reisk.
563 4123 717 4208 (Usener.
733 4121 832 4187 Dion.
848 4120 925 4185 Hal.
949 4119 1026 4184 libr.
1052 4118 1093 4184 de
1108 4117 1199 4183 Imit.
1223 4115 1300 4184 rell.

155 4251 186 4313 p.
219 4230 309 4314 2113)
351 4231 518 4313 Εὐριπίδῃ
552 4229 665 4312 μέντοι
700 4231 738 4294 τὸ
773 4228 853 4291 ὅλον
890 4224 1014 4309 ἀληθὲς
1052 4223 1106 4290 καί
1142 4219 1301 4319 προσεχὲς

155 4341 201 4420 τῳ
216 4339 277 4423 βίῳ
301 4344 346 4422 τῳ
368 4346 433 4399 νῦν
456 4336 599 4416 ἤρεσεν·
638 4333 721 4397 ὅθεν
744 4335 781 4397 τὸ
805 4330 933 4414 πρέπον
956 4330 1059 4395 αὐτὸν
1082 4328 1136 4394 καί
1159 4332 1301 4413 κόσμιον

156 4446 325 4526 πολλαχοῦ
350 4440 519 4523 διέφυγεν,
544 4436 598 4503 καί
622 4436 696 4521 οὐχὶ
719 4439 757 4501 τὰ
780 4437 916 4519 γεννικδι
938 4433 992 4499 καὶ
1015 4438 1211 4518 μεγαλοφυῆ
1234 4442 1301 4498 τῶν
