2946 4734
696 201 739 267 55

688 446 754 512 III.

491 571 537 638 Ile
559 518 771 660 personarum
795 571 948 639 veritate.

233 696 276 760 In
305 694 440 762 scholiis
463 695 549 761 Eun.
574 695 679 760 301.5
702 704 737 761 et
760 695 865 760 2962
898 695 996 761 modo
1019 693 1169 762 enotatis
1192 716 1293 782 quae-

147 800 304 866 siverunt
325 800 548 887 grammatici,
573 800 737 888 quomodo
760 804 863 888 poeta
885 800 1039 867 diversos
1056 799 1196 867 alicuius
1219 821 1294 887 per-

148 928 250 972 sonae
272 928 398 988 mores,
431 905 551 993 quibus
582 910 622 972 ut
650 914 754 971 antea
777 905 990 992 exposuimus
1020 928 1101 972 usus
1130 910 1222 971 essct
1250 904 1295 971 ad

148 1010 301 1077 diversas
331 1009 501 1097 propositi
531 1015 648 1099 partes
680 1011 922 1098 assequendas,
955 1011 1047 1077 inter
1080 1032 1116 1076 se
1139 1008 1294 1076 concilia·

149 1116 257 1182 visset
272 1119 374 1202 atque
391 1115 441 1182 ita
456 1115 707 1202 composuisset,
724 1120 764 1182 ut
781 1138 883 1182 verus
900 1116 996 1182 homo
1013 1116 1110 1203 quasi
1126 1116 1293 1195 oreretur,

149 1220 259 1306 qualis
283 1220 364 1307 quin
387 1220 578 1287 exstitisset
602 1220 657 1287 vel
681 1224 819 1287 exstare
841 1225 959 1309 posset
982 1242 1078 1287 nemo
1108 1220 1294 1287 dubitaret.

149 1325 252 1390 Cuius
287 1325 339 1391 rei
372 1326 441 1392 soil.
482 1325 635 1392 diversos
669 1348 779 1392 mores
809 1327 844 1391 in
877 1349 945 1392 una
978 1316 1139 1413 persona
1157 1346 1294 1392 oecono-

147 1431 231 1495 mice
247 1430 381 1516 quidem
394 1430 515 1496 sedita
531 1432 724 1498 coniunctos
738 1454 820 1514 esse,
834 1435 874 1498 ut
888 1454 990 1498 verus
1004 1431 1102 1497 homo
1119 1429 1296 1496 exstiterit

148 1534 251 1620 (quod
279 1538 394 1601 tamen
422 1559 489 1601 non
517 1536 656 1623 proprie
678 1540 881 1602 monuerunt
903 1527 1119 1621 scholiastae)
1143 1533 1296 1621 exempla

148 1641 316 1725 praebent
338 1662 380 1706 ss.
404 1640 487 1706 Ant.
511 1641 553 1705 82
587 1644 811 1725 φιλόστοργον
834 1640 889 1731 καὶ
912 1643 1033 1723 ταύτης
1055 1643 1092 1705 τὸ
1115 1636 1201 1723 ἦθος
1223 1637 1294 1704 ἀλλ’

149 1745 297 1827 εὐλαβές,
320 1744 376 1810 Aj.
401 1745 485 1810 1091
511 1748 670 1827 διάκειται
694 1744 757 1830 μὲν
780 1747 797 1812 ὁ
820 1749 921 1832 χορὸς
944 1749 1028 1829 πρὸς
1051 1748 1109 1810 τὸν
1138 1749 1296 1828 Τεῦκρον,

149 1848 404 1933 ὑπεσταλμένως
436 1848 472 1914 (ll
505 1850 690 1933 διαλέγεται
723 1852 779 1915 διὰ
809 1854 846 1915 τὸ
876 1862 936 1917 τοῦ
965 1849 1129 1934 βασιλέως
1160 1850 1296 1932 ἀξίωμα,

150 1953 203 2018 El.
228 1954 301 2034 766,
324 1953 379 2019 Ai.
405 1954 484 2036 134,
508 1954 582 2019 485.
629 1954 790 2036 Quamvis
820 1954 930 2041 igitur
959 1954 1075 2041 cupiat
1097 1957 1200 2042 poeta
1221 1956 1296 2019 bre·

150 2058 289 2125 vissima
324 2059 380 2124 via
417 2059 460 2125 ad
494 2059 630 2125 fabulae
664 2060 763 2125 finem
797 2064 833 2125 et
864 2060 1076 2147 propositum
1108 2059 1307 2152 pervenire„

150 2185 256 2248 quare
309 2186 470 2251 personas
534 2187 632 2251 quam
688 2169 971 2248 οἰκονομικώτατα
1023 2165 1200 2244 instituet,
1257 2166 1298 2229 ut

153 2269 250 2353 quasi
273 2269 383 2336 omnia
405 2269 543 2351 faciant,
577 2292 662 2357 quae
684 2280 786 2357 poeta
809 2271 907 2356 quasi
929 2270 1158 2356 praescribat,
1183 2273 1298 2335 tamen

152 2372 270 2459 utique
301 2397 435 2441 necesse
465 2379 535 2458 est,
571 2379 609 2441 ut
632 2397 731 2442 veros
762 2375 912 2442 homines
943 2375 1040 2442 nobis
1073 2378 1154 2441 ante
1184 2373 1297 2441 oculos

152 2481 259 2564 ponat
292 2484 388 2546 certa
421 2480 599 2547 voluntate
642 2484 803 2567 certoque
837 2481 981 2547 arbitrio
1016 2481 1203 2546 instructos
1237 2501 1298 2545 nec

152 2607 246 2675 mera
268 2589 484 2671 μηχανήματα
499 2587 534 2651 id
551 2593 603 2652 est
625 2609 797 2674 personas
823 2609 908 2674 quae
930 2586 1026 2651 nulla
1048 2586 1182 2652 ratione
1205 2583 1298 2650 adhi-

152 2690 226 2756 bita
249 2690 353 2757 aliter
382 2713 418 2758 se
448 2695 587 2777 gerant,
617 2715 690 2758 cum
719 2691 823 2758 aliter
847 2692 987 2758 libuerit
1010 2698 1141 2778 poetae.
1187 2690 1298 2755 Debet

152 2794 260 2879 igitur
284 2818 401 2862 veram
424 2797 516 2862 vitae
539 2797 717 2882 imaginem
734 2797 874 2884 pingere
891 2802 993 2884 poeta
1008 2820 1080 2862 cum
1104 2795 1180 2862 aliis
1197 2796 1297 2860 rebus

153 2903 226 2965 tum
258 2901 343 2988 ipsis
377 2901 513 2968 fabulae
547 2902 701 2989 personis
737 2903 911 2989 respectis.
959 2903 1073 2984 Quare
1102 2924 1169 2967 non
1198 2899 1298 2986 plane

154 3007 363 3072 oeconomiae
386 3007 441 3073 vel
463 3007 602 3073 consilio
634 3030 672 3072 ac
701 3007 878 3093 proposito
909 3030 968 3073 suo
993 3007 1088 3094 quasi
1112 3004 1297 3090 indulgere,

153 3111 211 3176 sed
232 3115 374 3199 praeter
396 3114 606 3179 oeconomiae
629 3112 738 3198 legem
761 3113 865 3178 etiam
894 3112 979 3178 alias
1001 3113 1094 3198 leges
1118 3113 1298 3177 observare

154 3215 272 3298 debet,
318 3239 459 3304 quarum
496 3217 640 3304 primam
675 3217 762 3282 hanc
799 3218 840 3283 de
878 3217 1028 3283 veritate
1073 3216 1299 3303 cognovimus.

153 3322 204 3386 De
235 3344 301 3408 qua
329 3322 501 3409 permulta
531 3322 657 3389 scholia
680 3327 817 3388 exstare
841 3326 1100 3389 consentaneum
1123 3326 1192 3404 est,
1226 3345 1300 3388 cum

153 3425 264 3511 quoad
286 3415 470 3493 veritatem
499 3431 672 3494 assecutus
705 3429 753 3495 sit
781 3428 891 3515 quivis
921 3433 1024 3514 poeta
1056 3430 1092 3493 et
1121 3428 1300 3513 praecipue

153 3531 286 3617 quidem
309 3532 462 3614 comicus
487 3555 600 3598 omnes
622 3556 684 3599 neo
707 3525 815 3599 solum
837 3533 924 3599 artis
947 3532 1053 3620 periti
1075 3534 1219 3597 animum
1242 3533 1300 3598 ad·

153 3638 303 3702 vertant.
350 3637 397 3702 Et
418 3640 490 3703 tam
512 3636 660 3703 dilucida
682 3641 785 3724 atque
809 3637 951 3723 simplex
973 3637 1056 3703 haec
1085 3642 1137 3702 est
1159 3659 1230 3717 res,
1261 3639 1301 3702 ut

153 3763 194 3805 ne
209 3741 297 3807 artis
313 3741 445 3828 peritos
463 3742 594 3828 quidem
613 3741 792 3808 subtiliora
816 3742 857 3808 de
879 3765 919 3808 ea
935 3741 1065 3807 eruisse
1081 3763 1119 3806 ac
1136 3741 1301 3807 statuisse

153 3849 412 3912 consentaneum
450 3847 505 3912 sit.
556 3846 680 3933 Itaque
722 3847 922 3913 brevissime
957 3847 1121 3930 graviora
1166 3848 1301 3910 tantum

154 3949 317 4017 exhibebo
353 3951 532 4032 vocabula,
569 3973 654 4038 quae
688 3975 754 4016 non
787 3952 885 4016 nimis
919 3952 1007 4016 trita
1030 3952 1099 4015 sint
1128 3953 1164 4015 et
1187 3949 1300 4036 aliquo

152 4056 249 4122 modo
288 4054 499 4140 disciplinam
528 4059 694 4142 praebere
725 4057 923 4133 videantur,
962 4055 1158 4142 plerumque
1188 4058 1302 4120 autem

151 4159 244 4228 locos
268 4163 422 4227 enotabo.
468 4160 535 4228 Sed
558 4183 600 4226 ne
624 4184 735 4227 omnes
753 4162 886 4248 quidem
909 4162 999 4227 locos
1023 4161 1183 4247 religiose
1208 4159 1301 4225 colli-

152 4289 235 4352 gere
258 4267 553 4354 operaepretium
576 4270 637 4348 est,
663 4290 727 4353 quo
750 4267 836 4332 nihil
851 4267 1032 4352 efficiatur,
1056 4267 1115 4333 scd
1139 4265 1222 4333 satis
1247 4267 1302 4330 est
