2946 4734
744 238 764 303 3

163 402 297 478 'unicus
331 416 385 479 est
398 414 427 493 ¹).
483 412 572 480 Sunt
603 415 717 480 autem
749 416 888 480 servata
922 413 1102 482 scholia
1134 415 1171 481 in
1203 416 1328 483 multos

177 521 299 604 poetas
329 521 365 584 et
390 518 571 606 praecipue
603 519 806 585 dramaticos
839 519 1040 606 conscripta.
1088 521 1179 599 Quae
1202 520 1329 588 scholia
1448 596 1451 603 ,

179 625 219 688 ut
251 621 499 691 diversissimas
533 646 588 690 res
622 625 796 711 praebent,
832 624 883 690 ita
917 623 1157 692 diversissimis
1188 648 1206 692 e
1232 626 1329 693 libris

179 728 277 815 quasi
306 728 453 795 conflata
487 733 576 811 sunt,
610 730 669 816 qui
690 753 758 796 non
788 752 867 796 raro
891 729 958 816 ipsi
986 731 1170 797 laudantur
1192 753 1214 798 a
1236 731 1329 798 scho-

177 833 301 900 liastis.
348 834 498 916 Quorum
528 834 693 901 librorum
721 835 824 901 etiam
856 835 1030 902 exstitisse
1059 836 1116 924 qui
1146 840 1262 903 essent
1288 835 1330 902 de

178 946 357 1029 poetarum
391 942 467 1005 arte
502 939 607 1005 cuivis
641 940 856 1006 manifestum
890 943 959 1022 est,
985 921 1053 1028 'qui
1087 941 1190 1008 semel
1225 940 1329 1008 oculis

178 1044 390 1133 percurrerit
424 1044 551 1111 scholia
587 1044 738 1111 meliora.
789 1045 837 1111 Et
870 1045 896 1111 ii
928 1045 995 1132 ipsi
1027 1046 1109 1111 libri
1143 1069 1161 1112 e
1195 1045 1329 1113 scholiis

179 1150 290 1238 quoad
313 1152 431 1236 potest
452 1149 658 1216 restituendi
680 1157 769 1233 sunt,
794 1151 852 1238 qui
876 1173 914 1218 eo
939 1151 1067 1218 certius
1091 1151 1328 1232 restituentur,

179 1278 245 1343 quo
269 1255 468 1342 diligentius
492 1255 587 1342 prius
612 1254 762 1342 singulas
787 1256 874 1323 artis
890 1259 1006 1343 partes
1024 1278 1143 1322 eruere
1159 1260 1195 1323 ct
1210 1256 1330 1323 deinde

179 1361 288 1427 crutis
301 1360 452 1426 omnibus
464 1360 619 1446 partibus
632 1359 774 1446 singulis
788 1363 900 1428 totam
915 1364 1026 1428 artem
1037 1362 1220 1428 restituere
1232 1382 1331 1427 cona-

180 1465 299 1531 bimur.
336 1464 403 1532 Sed
424 1465 599 1533 rarissime
622 1469 735 1532 certus
759 1466 846 1532 certi
869 1467 1018 1533 auctoris
1041 1466 1128 1532 liber
1152 1465 1329 1533 escholio-

180 1594 254 1636 rum
262 1569 438 1658 farragine
447 1573 563 1658 potest
571 1570 749 1652 enucleari,
761 1571 917 1657 quoniam
926 1571 1124 1658 plerumque
1133 1593 1176 1637 ne
1184 1569 1330 1637 nominis
1396 1563 1399 1569 ’

179 1676 313 1763 quidem
344 1675 539 1742 inveniendi
569 1676 698 1762 copiam
719 1674 889 1758 habemus,
922 1676 1022 1742 immo
1054 1674 1252 1763 plerumque
1275 1697 1330 1742 res

179 1784 294 1848 manet
316 1781 352 1846 in
374 1780 485 1847 dubio.
522 1780 620 1863 Quod
642 1780 672 1846 si
693 1781 743 1862 fit,
769 1803 849 1848 sane
864 1805 932 1847 non
947 1780 983 1846 id
1000 1804 1145 1880 ¹operam
1167 1780 1330 1861 dabimus,

179 1889 219 1953 ut
243 1890 357 1952 tamen
388 1908 594 1972 quocumque
623 1885 720 1952 modo
749 1909 870 1952 nomen
900 1886 1078 1975 scriptoris
1102 1886 1330 1972 excogitemus

180 1991 237 2058 vel
258 1991 390 2074 librum,
414 1991 507 2057 cuins
530 1991 738 2058 auctoritate
760 2015 856 2059 nemo
878 1990 947 2058 niti
960 1993 1079 2080 possit,
1105 1992 1165 2058 sed
1180 1990 1332 2058 contenti

169 2093 255 2162 ¹esse
279 2095 436 2162 debemus
461 2095 663 2162 scholiorum
685 2097 781 2183 copia
804 2097 916 2184 quoad
939 2097 1013 2164 fieri
1035 2101 1152 2185 potest
1175 2096 1219 2162 ad
1233 2117 1331 2183 prae-

180 2204 280 2289 cepta
310 2204 346 2267 et
376 2204 485 2267 artem
515 2205 677 2268 revocata
711 2223 815 2289 eaque
847 2207 923 2269 arte
957 2202 1182 2291 probabiliter
1216 2203 1331 2267 certae

180 2304 290 2371 aetati
320 2309 498 2391 certaeque
531 2309 643 2372 sectae
675 2307 856 2374 attributa.
902 2308 980 2374 Non
1012 2307 1120 2394 igitur
1143 2307 1247 2373 aliter
1268 2304 1332 2371 hac

180 2409 217 2474 in
246 2432 284 2476 re
315 2410 481 2496 agendum
516 2414 569 2476 est
600 2415 703 2498 atque
735 2433 762 2477 e.
787 2434 820 2498 g.
850 2412 886 2477 in
908 2412 1072 2500 Diogenis
1095 2412 1217 2479 Laerti
1248 2410 1330 2477 vitis

181 2514 383 2598 tractandis,
413 2515 471 2581 ubi
493 2514 569 2598 περὶ
593 2518 759 2602 διαδοχῶν
783 2521 857 2583 tum
880 2517 1012 2585 demum
1045 2519 1194 2585 certiora
1211 2539 1331 2602 cogno·

182 2641 327 2701 scemuS,
347 2627 349 2630 ’
370 2643 443 2685 cum
477 2621 666 2686 nominibus
709 2621 984 2709 philosophorum
1021 2627 1125 2710 atque
1168 2622 1332 2687 librorum

182 2724 312 2791 omissis
328 2726 424 2813 prius
440 2727 530 2812 ipsas
547 2726 759 2812 singularum
781 2751 897 2794 rerum
921 2727 1115 2814 disciplinas
1133 2728 1330 2806 eruerimus,

182 2852 247 2916 quo
281 2829 374 2902 facto
408 2830 581 2897 interdum
612 2832 649 2898 id
680 2833 790 2919 ipsum
824 2842 979 2921 apparet,
1016 2835 1109 2899 cuius
1142 2854 1273 2920 quoque
1296 2831 1332 2895 in

181 2935 272 3002 libro
295 2934 486 3023 philosophi
508 2937 645 3024 prolata
664 2939 733 3003 sint
747 2940 907 3022 δόγματα.
955 2939 1128 3021 Quomodo
1152 2938 1255 3003 etiam
1268 2934 1332 3001 hac

181 3041 217 3105 in
241 3062 279 3106 re
302 3062 449 3126 agemus
472 3044 513 3106 ut
534 3042 631 3129 prius
654 3043 762 3129 ipsam
778 3043 854 3125 περὶ
870 3045 967 3127 ἠθῶν
983 3043 1195 3130 disciplinam
1211 3062 1332 3107 eruere

183 3166 350 3226 conemur,
382 3144 502 3212 deinde
524 3169 610 3232 quae
633 3146 674 3212 de
698 3147 798 3213 certis
832 3152 1004 3213 certorum
1034 3151 1211 3214 auctorum
1232 3144 1332 3211 libris

183 3250 340 3337 cognosci
361 3251 496 3337 possint
511 3273 720 3338 quaeramus.
736 3291 776 3300 -
793 3253 955 3339 Denique¹
972 3253 1062 3338 apud
1085 3253 1331 3338 scriptores

184 3355 347 3444 quaedam
376 3360 513 3422 exstant
544 3357 584 3421 de
616 3359 794 3443 poetarum
826 3357 1004 3444 ethopoeia
1039 3357 1229 3423 sententiae
1266 3356 1332 3421 dis·

182 3482 313 3548 persae,
338 3482 424 3547 quae
446 3460 583 3546 neglegi
605 3484 672 3527 non
695 3462 829 3544 debent,
854 3466 976 3549 quippe
993 3485 1011 3528 e
1026 3462 1146 3548 quibus
1161 3460 1332 3526 interdum

183 3566 344 3652 graviora
366 3566 407 3632 de
430 3566 505 3652 ipsa
537 3565 715 3652 ethopoeia
745 3575 780 3632 et
808 3567 991 3654 praecipue
1022 3567 1064 3633 de
1087 3565 1332 3651 ethographiae

184 3671 300 3756 (liceat
321 3675 402 3737 utar
424 3671 487 3736 11οο
502 3672 619 3754 verbo)
642 3671 820 3758 disciplina
845 3675 1101 3758 cognoscantur,
1126 3675 1165 3737 ut
1187 3670 1331 3737 maximo

145 3813 150 3834 ι
184 3775 259 3842 usui
283 3776 353 3843 sint
375 3775 418 3842 ad
442 3776 570 3842 scholia
597 3776 792 3863 supplenda.

272 3898 423 3979 Quorum
445 3899 551 3965 trium
574 3900 753 3986 praecipue
776 3901 923 3966 fontium
946 3902 1016 3967 scil.
1040 3901 1206 3967 librorum
1228 3899 1262 3964 id
1280 3903 1333 3965 est

185 4002 388 4070 Aristotelis
420 4004 515 4086 libri,
559 4004 776 4087 scholiorum,
821 4006 911 4092 apud
946 4006 1132 4092 scriptores
1174 4003 1331 4080 locorum,

277 4235 305 4302 1)
325 4231 397 4299 Quid
422 4232 456 4286 de
476 4233 576 4286 Horati
604 4234 705 4301 libello,
735 4251 814 4303 quem
843 4250 910 4288 sane
936 4239 964 4287 et
990 4235 1079 4301 ipsum
1098 4233 1125 4285 in
1145 4232 1332 4299 quaestionem

186 4323 351 4392 vocabimus,
370 4321 545 4377 indicandum
566 4325 610 4393 sit,
630 4331 728 4393 postea
747 4325 907 4379 ridebimus.

1087 4413 1124 4465 1*
