2946 4734
628 382 831 446 ...16-

373 558 548 628 assiduusque
566 577 626 614 meo
645 559 783 630 sanguina
797 559 871 614 bella
887 559 974 630 gerit?
1056 579 1058 582 ·

339 646 405 715 quid
423 646 475 701 tibi
494 647 643 701 iucundum
668 650 709 702 eat
726 647 802 701 nocis
827 647 954 703 habitare
973 646 1119 704 medullini

375 732 397 786 si
416 750 484 802 puer
502 736 555 796 est,
581 733 637 787 alio
655 733 740 788 traice
758 733 831 788 bello
849 736 906 788 tua.

148 826 354 909 Quamquam
383 829 435 892 hic
456 812 592 904 laudat,
630 829 682 892 ille
710 829 872 911 vituperat
893 829 1072 910 pictorem,
1099 835 1210 895 tamen
1240 843 1314 889 oon·

149 928 290 992 sentiunt
312 929 408 993 deum
431 929 536 1006 illum,
560 930 615 1012 qui
638 933 704 993 tam
729 929 812 999 lente
834 929 984 1004 haereat,
1008 929 1076 993 alas
1097 946 1163 993 non
1186 927 1315 991 habere.

149 1025 211 1090 Sed
234 1046 301 1090 rem
329 1028 548 1110 compluribus
567 1029 720 1111 exemplis
742 1031 899 1094 illustrare
929 1046 1107 1113 possumus.
1156 1028 1211 1092 Sic
1241 1027 1319 1091 dicit

149 1125 346 1207 Aristophon
367 1128 424 1209 frg.
452 1129 497 1204 11,
527 1129 564 1193 Κ.
588 1130 614 1192 Π
641 1150 672 1211 p.
694 1130 755 1194 280
785 1131 938 1193 Amorem
969 1128 1057 1211 apud
1086 1126 1236 1192 homines
1268 1144 1318 1189 re-

148 1245 290 1304 manere,
313 1227 401 1308 quod
415 1228 529 1309 pennis
543 1249 562 1291 a
579 1229 709 1310 reliquis
726 1229 794 1292 deis
807 1229 963 1311 spoliatus
983 1227 1031 1292 sit.
1074 1226 1158 1291 Tum
1178 1226 1318 1308 pictores

149 1324 279 1406 ignaros
300 1324 368 1391 esse
383 1328 525 1392 affirmat
545 1328 657 1392 eodem
680 1330 778 1393 modo
798 1333 896 1411 atque
911 1328 1055 1393 Eubulus
1066 1326 1175 1391 Alexis
1191 1325 1320 1391 duobus

149 1423 354 1506 fragmentis:

184 1532 237 1600 ng.
256 1531 315 1597 945,
326 1537 350 1596 a,
369 1532 401 1587 rr.
421 1533 448 1585 11
466 1551 494 1603 p.
515 1533 564 1588 aar

272 1663 275 1667 .
347 1622 394 1672 κατ’
408 1640 459 1691 μοι
477 1620 608 1674 δοκοῦσιν
627 1623 742 1690 ἀγνοεῖν
762 1622 789 1674 οἱ
806 1622 946 1692 ζωγράφοι

346 1701 397 1758 τὸν
409 1703 525 1778 Ἔρωτα,
544 1710 756 1779 συντομώτατον
775 1708 804 1759 d'
825 1707 925 1772 εἰπεῖν,
945 1701 1003 1760 ὅσοι

347 1791 398 1845 τοῦ
415 1792 548 1865 δαίμονος
567 1797 665 1848 τούτου
684 1793 814 1848 ττοιοῦσιν
832 1793 942 1855 εἰκόνας
960 1811 1015 1863 eqs.
1086 1833 1088 1837 -

152 1898 180 1949 et
198 1897 251 1965 frg.
270 1897 313 1963 20,
331 1895 364 1948 K.
383 1896 408 1949 11
426 1916 453 1967 p.
471 1898 522 1951 305

684 1984 797 2055 λέγεται
815 1978 871 2057 γὰρ
889 1985 971 2053 λόγος

347 2063 400 2123 ὕπὸ
420 2070 473 2124 τῶν
493 2071 630 2138 σοφιστῶν
647 2067 686 2142 μὴ
706 2071 844 2124 πέτεσθαι
863 2068 912 2123 τὸν
934 2067 1004 2124 θεὸν

348 2154 396 2211 τὸν
411 2157 525 2230 Ἔρωτα,
546 2155 610 2218 τοὺς
625 2159 654 2210 d'
674 2157 802 2230 ἐροῦντας.
831 2158 924 2210 αἰτίαν
943 2158 969 2210 d'
991 2157 1066 2229 ἔχειν

348 2241 458 2297 ἐκεῖνον
477 2243 570 2309 ἄλλως,
597 2248 767 2316 ἠγνοηκότας
786 2245 815 2297 δὲ
834 2242 898 2304 τοὺς

348 2338 467 2404 γραφεῖς
486 2331 584 2403 ἔχοντα
603 2333 744 2405 πτέρυγας
763 2329 848 2384 αὐτόν
866 2335 1030 2404 ζωγραφεῖν.

157 2425 268 2491 Verbis
295 2426 340 2506 μή
371 2432 537 2490 πέτεσθαι
566 2428 625 2488 τόν
655 2427 739 2489 θεὸν
768 2428 827 2488 τὸν
849 2424 990 2504 Ἔρωτα,
1028 2423 1102 2497 τούς
1131 2423 1161 2484 δ’
1184 2423 1327 2503 ἐρῶντας

156 2529 264 2589 ulrum
297 2525 492 2605 significetur
520 2527 633 2590 levitas
659 2531 691 2590 et
712 2527 876 2591 temeritas
899 2527 1095 2602 amantium,
1125 2543 1224 2608 quam
1246 2522 1326 2586 Pro-

156 2626 279 2706 pertius
296 2645 425 2708 quoque
447 2631 679 2690 commemorat
697 2648 727 2690 r.
750 2630 786 2691 3:
817 2626 853 2690 ‘is
875 2627 1015 2708 primum
1037 2624 1118 2688 vidit
1139 2623 1208 2688 sine
1230 2641 1327 2687 sensu

156 2725 263 2788 vivere
287 2731 434 2789 amantes
463 2730 493 2789 et
523 2725 645 2790 levibus
667 2728 750 2790 curis
772 2747 890 2808 magna
919 2726 1023 2808 perire
1046 2725 1150 2800 bona’,
1183 2743 1224 2787 an
1256 2742 1323 2787 cor·

156 2826 242 2906 poris
274 2825 424 2888 alacritas
454 2829 485 2888 et
515 2826 676 2903 celeritas,
708 2827 739 2889 in
762 2827 869 2890 medio
899 2825 1089 2906 relinquam,
1121 2843 1198 2887 nam
1228 2822 1325 2887 eliam

157 2922 221 2985 huc
243 2923 352 2986 referri
374 2929 526 3005 possunt,
557 2931 592 2989 ut
622 2927 715 2990 docet
736 2926 862 2991 Caecilii
885 2925 978 2989 Statii
1008 2925 1088 3005 frag.
1110 2924 1222 2987 incert.
1246 2921 1326 2996 Xlll,

155 3023 251 3087 Ribb.
275 3044 307 3104 p.
328 3024 369 3087 88

365 3129 481 3184 Venerio
498 3147 576 3184 cursu
596 3130 658 3185 veni
677 3132 783 3200 prolato
803 3132 880 3200 pedo.

158 3222 296 3300 Deinde,
327 3230 362 3287 ut
382 3225 497 3288 similia
527 3246 546 3289 a
566 3227 668 3308 po'elis
690 3227 916 3292 Alexandrinis
936 3230 1064 3308 recepta
1087 3244 1156 3288 esse
1178 3239 1327 3303 compro-

158 3324 261 3401 betur,
285 3324 441 3387 adeamus
463 3325 614 3390 Ovidium
637 3331 668 3390 et
689 3327 917 3390 Heliodorum:

193 3429 272 3484 Ovid.
292 3434 356 3485 met.
376 3431 458 3485 1540
470 3449 528 3500 sqq.

355 3525 402 3594 qui
421 3527 513 3578 tamen
532 3523 684 3591 insequitur
701 3521 798 3591 pennis
817 3521 926 3575 adiutus
944 3518 1059 3580 Amoris,

353 3612 427 3665 ocior
445 3613 487 3665 est
505 3609 681 3678 requiemque
699 3611 784 3675 negat
803 3611 936 3677 tergoque
957 3605 1062 3675 fugacis

352 3698 481 3751 imminet
511 3715 564 3765 eqa.

158 3795 295 3876 Propius
331 3795 426 3857 etiam
462 3792 620 3855 accedunt
656 3791 698 3853 ad
728 3790 869 3853 Alexidis
902 3790 1000 3852 verba
1034 3809 1089 3864 ea,
1121 3808 1207 3871 quae
1240 3788 1329 3871 apud

159 3896 366 3959 Heliodorum
386 3895 425 3956 lV
443 3894 462 3955 t
478 3894 609 3966 iuvenis
633 3891 686 3970 qui
709 3894 1004 3954 cursus.certanren
1028 3889 1107 3951 inire
1129 3888 1208 3965 vult,
1233 3886 1328 3951 dicit:

159 3993 217 4057 min
247 3985 377 4069 οἶσθα,
409 3989 458 4052 ὅτι
488 3992 541 4051 καὶ
574 3992 631 4052 τόν
655 3987 779 4068 Ἔρωτα
808 3992 985 4067 πτεροῦσιν
1017 3987 1046 4049 oi
1075 3987 1254 4070 γράφοντος
1290 3987 1329 4047 τὰ

158 4094 324 4174 εὐκίνητοι·
357 4097 420 4152 τῶι·
454 4091 508 4152 r‘ur'
541 4090 644 4151 mirari
674 4097 917 4171 κικρατρμένωι·
951 4085 1190 4167 αἰνιττόμετοις
1243 4084 1327 4149 Tum

159 4194 258 4274 Longi
272 4192 337 4269 117,
361 4195 371 4254 l
400 4189 479 4261 θεός
501 4190 601 4268 ἐστιν,
625 4179 651 4252 oi
674 4192 801 4268 παῖδες,
826 4189 965 4269 ὁἝρως,
988 4197 1057 4260 νείις
1079 4190 1133 4251 καὶ
1156 4189 1253 4265 καλός
1273 4188 1328 4251 καὶ
