2946 4734
703 194 744 260 33

148 395 201 456 μῳ
234 374 351 455 νεκροί
386 373 465 452 acl,
500 367 558 435 Or.
582 369 634 449 71,
668 367 793 434 Phoen.
828 368 912 436 1369
944 370 1053 451 ἄκρως
1083 371 1182 455 delet
1209 365 1296 454 ἦθος

149 475 275 556 ἀνδρὸς
296 472 513 559 μεμφομένου
536 472 655 539 ἑαυτὸν
677 472 723 539 ε’τί
729 474 871 558 ὠμότητι
881 475 914 560 ¹),
938 475 993 541 Ai.
1007 475 1072 541 360
1094 474 1135 539 οὐ
1155 476 1211 541 διὰ
1233 477 1295 560 τὴν

148 574 252 662 ἧτταν
274 577 326 644 61.
343 590 410 645 τῶν
433 579 546 644 ὅπλων
569 581 687 661 πικρὸς
710 579 757 644 ὢν
779 581 935 664 βούλεται
966 579 1188 665 ἀναιρεῖσθαι,
1212 580 1295 648 ἀλλὰ

148 687 188 749 τὸ
203 685 334 760 ὄνειδος
342 685 562 768 ὑφορώμενος
576 695 643 749 τῶν
656 689 832 767 ποιμνίων·
847 684 864 750 ε’
870 710 890 750 ν
912 686 1046 770 τούτῳ
1069 683 1114 750 dt
1129 688 1174 752 τὸ
1190 681 1295 770 ἦθος

148 788 216 854 καὶ
247 790 267 873 ἡ
300 790 661 873 μεγαλοφροσύνη
694 792 917 855 δείκνυται
948 800 1009 856 τοῦ
1032 797 1186 874 Αἴαντος,
1218 792 1293 871 486,

150 893 189 958 Ο.
207 893 243 959 C.
271 894 353 959 1447
453 893 496 959 ἐν
519 895 702 980 τοιούτῳ
725 891 802 960 οὖν
825 896 923 978 ἤθει
945 893 1016 960 καὶ
1039 896 1057 961 ὁ
1081 898 1207 978 λόγος
1229 895 1294 961 αὐ-

149 1011 241 1075 τοῖς
275 999 537 1086 ὃιοίκειταιῗ),
573 999 661 1066 Phil.
691 1000 765 1075 814,
799 1000 854 1066 Or.
881 1001 941 1066 121
975 1001 1018 1066 of.
1043 1001 1117 1084 108,
1149 1001 1201 1083 32,
1233 1003 1293 1083 853
1376 1056 1379 1061 ,

149 1103 236 1169 Don.
260 1103 326 1170 Ad.
350 1105 436 1170 612
468 1106 557 1189 ,vide
587 1127 685 1193 quem
716 1105 760 1171 ad
790 1105 923 1171 modum
954 1109 996 1172 ut
1027 1106 1149 1172 durum
1183 1105 1294 1173 obiur-

150 1213 306 1293 gatorem
329 1211 487 1277 ostendat
508 1210 679 1292 Demeam,
707 1232 780 1276 cum
804 1212 846 1277 ab
870 1233 908 1276 eo
932 1211 1091 1278 dicantur
1112 1209 1149 1276 in
1171 1210 1295 1276 crimen

149 1317 275 1398 vocari,
309 1313 394 1403 quae
425 1322 486 1382 aut
519 1318 645 1383 aetatis
680 1321 761 1384 sunt
784 1368 813 1383 ..
837 1320 907 1383 aut
921 1320 1063 1383 naturae
1089 1366 1116 1382 ..
1141 1319 1203 1383 aut
1224 1316 1295 1402 pie·

150 1422 246 1487 tatis‘
270 1421 381 1506 (Micio
404 1421 487 1489 haec
509 1422 550 1488 de
572 1423 700 1489 Demea
721 1423 882 1509 adhibet),
912 1423 1017 1489 9881
1043 1421 1295 1505 ,attendendum

150 1530 205 1594 est
235 1526 482 1614 indulgentiam
514 1549 535 1594 a
563 1528 688 1594 Demea
718 1528 837 1616 culpae
868 1529 994 1594 ascribi
1016 1528 1153 1611 -denuo‘,
1189 1528 1293 1594 1961

152 1632 245 1715 ,haec
278 1630 439 1698 allocutio
474 1632 518 1697 ad
547 1632 610 1699 hoc
640 1632 779 1699 inducta
803 1638 865 1712 est,
897 1637 938 1699 ut
966 1657 1006 1699 ex
1028 1633 1143 1699 verbis
1165 1631 1295 1700 lenonis

150 1741 327 1824 appareat,
351 1759 449 1824 quam
466 1736 567 1804 facile
590 1739 681 1804 mitis
705 1739 781 1804 fieri
803 1740 911 1825 possit
934 1742 970 1805 et
993 1737 1126 1825 quidvis
1149 1737 1296 1804 libenter

149 1840 322 1929 accipere‘,
340 1843 403 1907 795
420 1865 529 1929 ,quam
550 1843 636 1910 mira
659 1843 900 1931 perspicuaque
922 1843 1098 1910 moralitas
1122 1843 1158 1908 in
1181 1841 1296 1910 huius·

150 1946 277 2012 cemodi
301 1949 401 2013 rebus
423 1951 587 2034 apparet‘,
611 1950 718 2014 5181
743 1948 830 2029 ,vide
853 1949 952 2037 quasi
975 1952 1096 2033 ἰδίωμα
1111 1948 1195 2034 Syri
1211 1970 1294 2029 esse,

151 2051 192 2117 de
216 2074 316 2139 opere
339 2052 451 2139 loqui‘,
477 2052 561 2118 Eun.
586 2054 703 2136 338.1,
727 2055 834 2120 6082
859 2054 920 2136 ,his
945 2055 1057 2121 verbis
1079 2053 1295 2140 intellegitur

151 2157 280 2222 sentire
302 2179 337 2223 se
359 2158 523 2244 paulatim
546 2158 616 2223 labi
638 2160 673 2223 in
696 2181 842 2225 amorem
865 2159 1053 2225 meretricis
1076 2160 1228 2246 quamvis
1246 2158 1295 2224 in·

151 2261 263 2326 vitum
295 2266 331 2328 et
365 2262 472 2328 adhuc
504 2263 729 2344 retinentem‘,
762 2263 869 2351 praef.
899 2263 997 2330 1113
1031 2265 1168 2347 ,tertius
1200 2269 1295 2330 actus

151 2365 382 2434 characterem
421 2368 581 2455 exprimit
617 2368 736 2435 militis
771 2378 805 2435 et
839 2369 986 2456 parasiti
1021 2390 1083 2457 per
1117 2368 1296 2435 ridiculum

150 2470 373 2558 colloquinm‘.

239 2576 418 2664 Proprium
446 2582 560 2644 autem
581 2578 720 2666 aliquid,
744 2578 813 2644 soil,
837 2579 1035 2666 quibusdam
1058 2579 1094 2645 in
1117 2580 1295 2646 sententiis

151 2687 186 2747 et
209 2681 420 2769 potissimum
446 2683 587 2750 cottidie
609 2683 779 2750 dictitatis
802 2695 991 2769 χαρακτῆρα
1014 2708 1081 2750 non
1103 2686 1229 2766 inesse,
1260 2684 1295 2750 id

151 2790 204 2852 est
227 2809 245 2852 e
269 2786 395 2853 talibus
419 2789 599 2854 sententiis
622 2789 729 2854 conici
754 2811 816 2855 nec
838 2812 935 2877 posse
957 2812 1018 2856 nec
1041 2789 1180 2871 debere,
1213 2812 1295 2876 quos

149 2912 260 2958 mores
290 2891 414 2958 habeat
446 2893 503 2980 qui
534 2893 677 2975 dixerit,
712 2916 814 2981 quare
848 2894 1018 2960 interdum
1047 2895 1101 2960 cui
1131 2916 1296 2982 personae

151 2996 198 3062 sit
229 2997 448 3064 attribuenda
478 2997 561 3063 talis
593 3000 764 3065 sententia
796 2999 966 3067 dubitatio
996 3000 1147 3081 oriatur,
1178 3022 1220 3065 ex
1242 2997 1294 3065 his

151 3099 287 3167 scholiis
322 3103 558 3188 comperimus:
593 3104 658 3169 An.
686 3105 737 3168 61.
762 3104 834 3169 83
870 3104 1049 3179 ‚sententia
1082 3128 1150 3169 non
1183 3103 1294 3170 incon-

150 3227 240 3291 grua
269 3228 379 3283 servo,
410 3208 488 3294 quia
515 3211 552 3273 et
573 3209 786 3295 pervulgata.
833 3212 870 3275 et
892 3232 958 3275 non
980 3209 1130 3276 refertur
1154 3208 1197 3274 ad
1220 3232 1295 3296 per·

152 3332 267 3376 sonam
300 3312 399 3378 modo
429 3312 581 3393 dicentis,
617 3314 675 3379 sed
709 3313 887 3398 cottidie³)
922 3314 1055 3380 dicitur.
1101 3315 1158 3380 An
1186 3315 1294 3401 magis

151 3416 231 3502 quia
252 3416 412 3482 convenit
434 3416 551 3483 Sosiae
580 3440 638 3483 cor
668 3418 848 3500 eiusmodi,
880 3421 1092 3504 χαρακτὴρ
1126 3419 1169 3484 in
1199 3443 1295 3486 ver·

150 3521 214 3588 bis
245 3520 349 3598 este,
384 3515 445 3587 Ph.
474 3523 579 3588 1381
611 3522 683 3602 ,hae
709 3547 832 3610 graves
859 3524 1051 3591 sententiae
1081 3547 1122 3592 ex
1149 3547 1296 3612 persona

152 3648 330 3693 servorum
367 3650 440 3693 cum
475 3627 653 3709 dicuntur,
689 3629 852 3695 ridiculae
887 3633 969 3695 sunt
1006 3635 1042 3697 et
1079 3654 1117 3697 eo
1156 3631 1294 3697 consilio

151 3731 437 3818 interponuntur,
467 3732 528 3797 Ph.
554 3734 659 3798 1866
684 3732 812 3815 ,melius
835 3738 888 3800 est
912 3734 992 3801 haec
1015 3742 1050 3801 et
1073 3737 1294 3821 perturbatae

242 3928 269 3993 1)
289 3924 368 3992 Quod
385 3943 479 3980 versus
499 3927 608 3995 spurius
627 3935 669 3981 cst
689 3928 789 3983 nullius
809 3937 851 3983 est
871 3931 1005 3983 momenti.

240 4018 271 4083 2)
292 4015 432 4069 Vocabula
450 4009 525 4084 ἦθος
542 4024 571 4070 et
588 4015 666 4084 λόγοι
685 4018 829 4072 coniuncta
847 4026 957 4073 exstant
975 4020 1057 4072 etiam
1071 4018 1115 4072 Or.
1129 4022 1181 4073 218
1194 4026 1221 4072 et
1234 4023 1294 4073 223.

241 4106 270 4173 3)
290 4103 433 4158 Traditum
445 4123 496 4174 pro
508 4106 605 4174 ,modo‘
625 4107 752 4175 ,domini‘‚
771 4125 822 4176 pro
842 4107 971 4176 ,cottidie‘
990 4117 1148 4176 corruptum
1168 4107 1210 4174 ,de
1224 4113 1294 4175 (μιν,

153 4192 316 4248 Emendavit
342 4193 464 4248 Rabbow
492 4196 592 4251 collato
618 4205 645 4251 et
673 4198 731 4251 eius
761 4197 834 4265 quod
859 4196 995 4251 antecedit
1022 4205 1049 4251 et
1075 4197 1134 4251 cius
1164 4195 1236 4264 quod
1255 4212 1296 4250 ee·

154 4281 247 4346 quitur
265 4284 400 4337 enuntiati
418 4300 508 4340 sensu
546 4287 724 4355 Corruptelae
743 4287 824 4341 facile
844 4288 911 4340 oriri
929 4294 1086 4356 potuerunt,

1052 4382 1068 4431 3
