2946 4734
643 356 848 418 ..80-

148 531 270 596 Eadem
292 532 355 596 fere
376 533 516 596 suadent
539 531 751 614 Propertiiet
774 535 879 600 Ovidii
902 536 995 601 lenae
1017 537 1147 618 puellis:

183 632 261 700 Prop.
281 631 317 683 IV
338 632 362 694 5,
377 631 410 683 57
425 648 464 699 sq.
806 697 808 700 Ι

324 715 389 769 dum
409 719 507 770 vernat
526 715 643 784 sanguis,
662 716 727 769 dum
745 716 822 785 rugis
841 717 949 788 integer
966 736 1062 785 annus,

392 804 477 862 utere,
496 801 614 870 nequid
633 820 692 856 cras
711 803 780 856 libet
798 803 833 857 ab
853 821 900 858 ore
918 804 983 859 dies.

185 887 262 942 Ovid.
282 906 366 943 amor.
378 888 389 940 Ι
399 889 423 950 8,
434 889 468 942 49
484 905 544 956 sqq.

342 973 445 1027 labitur
465 974 569 1027 occulte
587 971 713 1040 fallitque
731 971 857 1026 volubilis
876 976 961 1036 aetas,

415 1064 444 1113 et
462 1059 532 1113 celer
552 1057 674 1113 admissis
692 1058 797 1112 labitur
815 1076 903 1112 annus
921 1059 1005 1128 equis.

346 1163 410 1201 aera
428 1146 520 1200 nitent
538 1163 595 1209 usu,
617 1145 699 1199 vestis
714 1145 788 1199 bona
805 1144 915 1213 quaerit
931 1145 1036 1208 haberi,

416 1235 563 1286 canescunt
581 1231 657 1300 turpi
675 1233 750 1285 tecta
766 1231 861 1285 relicta
879 1231 949 1286 situ:

346 1321 443 1382 forma,
462 1319 515 1372 nisi
535 1318 674 1381 admittas,
695 1318 770 1371 nullo
789 1321 930 1373 exercente
948 1318 1071 1382 senescit,

415 1423 466 1460 nec
483 1405 548 1460 satis
567 1405 678 1458 effectus
697 1422 766 1457 unus
784 1409 812 1459 et
831 1405 900 1460 alter
919 1405 1041 1460 habent..

347 1492 446 1547 certior
464 1509 479 1546 e
497 1491 591 1545 multis
609 1508 659 1545 nec
677 1492 733 1546 iam
751 1491 887 1546 invidiosa
906 1490 1030 1560 rapinast
1047 1506 1101 1560 eqs.

153 1578 282 1642 Veteres
315 1585 423 1644 autem
456 1581 648 1656 meretrices,
682 1599 766 1660 quae
800 1579 861 1656 sic,
901 1582 935 1642 ut
968 1578 1096 1661 Scapha
1127 1579 1318 1643 Philematio

150 1679 315 1760 praedicit,
339 1681 503 1744 iuventute
525 1683 555 1743 et
578 1679 681 1743 forma
700 1679 873 1760 praeterita
896 1678 937 1742 ab
956 1679 1106 1743 omnibus
1121 1679 1320 1744 amatoribus

150 1779 295 1864 desertae
312 1780 441 1862 inopem
456 1780 554 1843 vitam
570 1799 665 1859 aegre
682 1782 872 1854 sustentant,
890 1774 1115 1844 describuntur
1130 1778 1174 1843 ab
1185 1778 1319 1844 Horatio

151 1897 250 1942 carrn.
275 1879 287 1941 l
310 1880 358 1953 ΙΙ),
383 1880 424 1942 lV
450 1881 504 1953 13;
526 1879 653 1941 Tibullo
669 1879 721 1954 16,
735 1879 773 1941 77
786 1899 832 1959 sq.
872 1879 991 1943 Rufino
1011 1878 1132 1943 anthol.
1152 1878 1220 1942 Pal.
1235 1878 1318 1955 ΙΙΙ,

152 1980 179 2042 V
205 1979 255 2055 ΙΙ,
280 1977 377 2052 Vt&
408 1979 596 2042 Macedonio
626 1977 746 2042 anthol.
770 1978 837 2042 Pal.
861 1979 885 2040 V
905 1979 982 2054 271,
1017 1979 1118 2042 Paulo
1140 1977 1319 2043 Silentiario

150 2078 351 2142 anthol.Pal.
366 2079 390 2140 V
403 2079 472 2142 ΙΙΙ.
514 2079 684 2142 Praeterea
708 2078 851 2158 depinxit
873 2079 936 2142 iam
957 2079 1121 2160 Epicrates
1143 2078 1206 2142 hoc
1224 2078 1318 2143 modo

148 2177 280 2241 Laidem
303 2198 400 2242 anum
425 2179 456 2242 in
479 2178 642 2242 Antilaide
665 2197 724 2240 sua
746 2177 803 2258 frg.
827 2179 855 2241 Ι.
880 2179 908 2253 3,
933 2179 967 2242 Κ.
992 2178 1017 2242 ΙΙ
1037 2198 1069 2259 p.
1092 2178 1163 2242 283.
1274 2258 1277 2265 ,

235 2279 298 2341 Sed
319 2282 493 2361 praecepta
514 2278 694 2342 meretricia
710 2297 862 2342 enarrare
883 2297 1027 2359 pergam.
1072 2276 1220 2342 Cleareta
1242 2297 1316 2359 ergo

151 2378 183 2441 in
195 2377 301 2441 Plauti
313 2378 462 2441 Asinaria
479 2377 572 2455 filiae,
595 2397 679 2459 quae
692 2379 826 2459 pauperi
846 2377 953 2442 iuveni
973 2397 1007 2442 se
1024 2377 1121 2454 dedit,
1144 2377 1318 2460 exprobrat

148 2497 177 2541 v.
200 2479 342 2560 52lsqq.

295 2574 360 2643 quid
379 2574 476 2628 dedit?
504 2574 571 2642 quid
589 2574 622 2628 ad
642 2592 691 2628 nos
709 2573 787 2627 iussit
805 2573 963 2643 deportari?
985 2577 1022 2628 an
1040 2571 1092 2629 tibi

296 2662 379 2716 verba
396 2661 500 2715 blanda
517 2677 573 2715 esse
591 2678 686 2714 aurum
712 2677 778 2724 rere,
798 2660 871 2714 dicta
889 2660 971 2715 docta
989 2677 1039 2730 pro
1057 2659 1151 2714 datis?

295 2749 368 2802 ultro
388 2766 471 2813 amas,
491 2748 564 2801 ultro
584 2745 737 2815 expetessis‚
757 2747 829 2801 ultro
849 2747 884 2801 ad
901 2751 930 2801 tc
948 2745 1047 2801 accersi
1065 2745 1150 2810 iubes,

296 2835 356 2889 illos
374 2834 422 2903 qui
441 2834 516 2895 dant,
536 2850 581 2887 eos
600 2832 705 2886 derides
715 2852 721 2894 ;
740 2832 788 2900 qui
806 2832 953 2901 deludunt,
972 2831 1085 2902 deperis.

296 2939 331 2975 an
351 2923 379 2974 te
397 2919 426 2973 id
444 2923 587 2988 expectare
606 2921 722 2988 oportet,
742 2919 764 2971 si
783 2919 842 2986 quis
860 2919 1007 2988 promittat
1025 2917 1077 2973 tibi

296 3011 324 3062 te
342 3008 479 3061 facturum
498 3005 627 3066 divitem,
653 3005 675 3058 si
694 3005 827 3058 moriatur
845 3008 934 3059 mater
952 3005 1022 3059 sua?

147 3098 239 3175 Quae
261 3097 362 3160 verba
385 3095 559 3176 repetenda
583 3113 651 3155 esse
673 3113 711 3155 ex
731 3094 898 3157 comoedia
920 3093 1029 3175 aliqua
1052 3091 1160 3157 Attica
1183 3092 1315 3157 demon·

147 3202 228 3261 strat
249 3195 379 3259 Lucian.
406 3193 479 3257 dial.
504 3213 580 3256 mer.
602 3194 660 3256 Vll
686 3195 699 3254 1
740 3191 905 3274 νῦν-ὁρᾷς
934 3192 1026 3271 παρα
1057 3194 1116 3254 τοῦ
1146 3197 1314 3256 νεανίσκοι

147 3295 241 3375 ἡλίκα
269 3290 496 3374 λαμβάνομεν,
531 3290 564 3364 ὃς
593 3289 712 3372 ὀβολόν
742 3297 803 3369 μὲν
834 3291 1054 3354 ου’δειῑιοποτέ
1084 3311 1135 3355 σοι
1164 3291 1313 3368 δέδωκεν,

149 3394 206 3457 οὐκ
229 3395 375 3474 ἐσθῆτα,
406 3391 465 3471 οιῗχ
488 3388 706 3472 ὑποδήματα,
738 3390 775 3452 οὐ
798 3391 917 3471 μύρον,
950 3391 1034 3454 ἄλλα
1057 3391 1243 3473 προφάσεις
1264 3390 1314 3452 καὶ

151 3496 348 3572 ὑποσχέσεις
369 3492 423 3553 καὶ
453 3491 576 3570 μακραὶ
600 3491 731 3563 ἐλπίδες
758 3493 812 3553 καὶ
836 3493 920 3556 πολι)
943 3495 980 3554 τό
1002 3492 1072 3554 ‘dois’
1094 3493 1112 3554 d
1135 3491 1247 3577 πατὴρ

147 3594 200 3655 καὶ
223 3588 329 3671 κύριος
351 3598 489 3669 γένωμαι
511 3595 575 3650 τῶν
599 3588 759 3670 πατρῴοιο
790 3594 842 3654 καὶ
876 3591 989 3654 πάντα
1012 3590 1076 3655 σοῗ.
1119 3591 1164 3656 Cf.
1189 3593 1314 3657 Terent

149 3694 280 3757 Phorm.
302 3692 363 3755 5Ιο
385 3711 431 3771 sq.
466 3691 652 3772 Alciphron.
675 3692 765 3773 epist.
789 3693 801 3755 l
825 3694 873 3769 36,
889 3696 915 3755 l.

229 3793 328 3855 Plane
345 3791 457 3853 eadem
477 3791 586 3853 iubent
598 3792 754 3873 Propertii
773 3797 804 3855 et
816 3792 920 3855 Ovidii
936 3793 1036 3871 lenae,
1058 3811 1135 3856 nam
1150 3790 1316 3855 Clearetae

149 3892 264 3956 ‘verbis
285 3890 420 3953 blandis'
443 3895 472 3953 et
496 3891 598 3954 ‘dictis
622 3892 733 3954 doctis'
756 3893 787 3955 in
810 3893 905 3973 elegis
928 3892 1123 3975 respondent
1143 3889 1266 3955 ‘versus
1286 3895 1316 3953 et

148 3990 316 4056 carmina:
350 3988 442 4053 Ovid.
467 4011 567 4054 amor.
590 3991 604 4053 Ι
626 3992 655 4066 8,
668 3993 707 4054 57
721 4012 789 4073 sqq.

342 4103 402 4140 ecce
421 4088 487 4154 quid
505 4088 555 4142 iste
574 4092 637 4142 tuus
656 4094 769 4157 praeter
787 4106 859 4144 nova
877 4090 1000 4144 carmina
1017 4093 1094 4143 vates

411 4174 515 4229 donati
532 4175 662 4229 amatoris
682 4176 758 4229 milia
777 4178 864 4229 multa
881 4177 960 4246 leges.
