2946 4734
631 339 838 402 ,59-

151 523 386 604 oppresserunt,
400 520 574 586 effrenatae
585 516 743 598 cupidinis
755 516 885 599 culpam
896 514 983 580 hisce
994 516 1100 581 verbis
1112 517 1144 581 in
1152 518 1317 583 Bacchum
1383 519 1387 525 ’

151 623 293 686 conferre
313 621 450 702 solent¹t
472 623 530 704 fig.
553 616 664 682 insert.
690 619 778 695 1274,
800 617 838 681 K.
859 617 899 680 lll
920 636 951 697 p.
972 617 1033 681 619

346 715 420 779 οἶνος
439 717 466 791 μ’
489 720 584 775 ἔπεισε
602 719 745 793 δαιμόνων
762 717 924 798 έπέρτατος,

150 830 246 891 quem
276 826 402 871 versum
433 809 548 892 aliquis
571 811 703 875 Latinus
731 817 829 894 poeta
857 819 1012 898 expressit
1038 812 1095 892 ffg·
1125 808 1237 875 isse-efi-
1265 809 1319 886 47,

150 909 245 973 aius.
268 929 298 989 p.
324 908 382 973 143

345 1006 479 1074 persuasit
499 1007 592 1062 animo
612 1009 715 1079 viuum,
734 1010 800 1065 deus
819 1013 866 1081 qui
885 1016 972 1070 multo
991 1019 1020 1071 et
1038 1016 1180 1071 maximus.

149 1095 227 1158 Filio
247 1094 309 1157 hac
332 1093 372 1156 de
394 1112 492 1159 causa
514 1096 664 1160 delictum
684 1100 848 1163 excusanti
867 1109 965 1183 negat
982 1107 1074 1185 pater
1089 1104 1210 1185 ignosci
1224 1125 1318 1186 posse

150 1194 181 1257 in
205 1192 395 1274 Philippidis
416 1194 474 1274 frg.
499 1195 549 1272 46,
571 1196 608 1258 K.
627 1196 667 1259 ΙΙΙ
687 1218 718 1279 p.
742 1199 802 1262 309

343 1287 394 1344 οὐκ
413 1292 489 1345 ἔστιν
506 1288 691 1365 “έμεθυ’σθην,
710 1294 807 1369 πάτερ’
825 1295 944 1367 λέγοντά
962 1318 993 1353 σε

340 1370 495 1450 εῆμαρτονζ
513 1373 582 1434 ὥστε
598 1377 666 1453 πρὸς
685 1379 736 1454 ἐμὲ
755 1383 922 1457 συγγνώμης
940 1393 1041 1458 τυχεῖν·

343 1459 357 1515 ὁ
376 1459 431 1536 γὰρ
451 1465 491 1525 εἰς
511 1462 560 1519 τὸν
579 1470 685 1540 ἀσθενῆ
702 1473 748 1540 βίᾳ
768 1489 804 1539 τι,
823 1471 967 1544 Πάμφιλε,

343 1550 432 1602 ποιῶν
451 1545 579 1623 ὖβρίζειν,
599 1557 647 1626 οὐχ
668 1549 845 1628 ἁμαρτάνειν
863 1558 947 1612 δοκεῖ.

150 1638 247 1718 Apud
280 1639 431 1702 Plautum
473 1661 550 1705 vero
590 1648 620 1707 et
651 1645 837 1709 Terentium
871 1648 1056 1728 saepissime
1089 1646 1318 1713 adulescentuli

150 1739 263 1802 eadem
287 1738 468 1820 proferunt:

184 1838 275 1891 Aulul.
294 1837 346 1890 744
357 1855 415 1905 sqq.

467 1904 533 1973 quid
551 1906 603 1960 tibi
623 1925 687 1977 ergo
706 1927 796 1964 meam
815 1927 858 1963 me
877 1909 966 1963 invito
985 1909 1117 1964 tactiost'?
1221 1908 1223 1912 ’

343 1994 422 2062 Lyc:
442 1993 507 2062 quia
526 1994 583 2046 vini
603 1994 670 2048 vitio
688 2000 770 2064 atque
789 1997 888 2050 amoris
907 1996 967 2060 feci,
1209 1993 1211 1996 ’
1244 1985 1247 1992 ’

183 2085 212 2134 et
230 2100 254 2133 v.
273 2083 323 2132 794

342 2184 393 2236 ego
411 2184 456 2221 me
473 2165 602 2220 iniuriam
621 2166 714 2221 fecisse
729 2166 802 2221 filiae
821 2166 909 2222 fateor
927 2171 999 2233 tuae,

343 2253 446 2327 Cereris
465 2253 575 2323 vigiliis,
593 2271 642 2324 per
661 2253 754 2307 vinum
774 2258 856 2322 atque
874 2254 993 2323 impulsu
1012 2256 1219 2311 adulescentiae.

184 2343 290 2396 Trucul.
311 2341 362 2394 828

340 2428 463 2496 mihique
481 2428 615 2496 ignoscas,
634 2427 706 2495 quod
725 2426 811 2480 animi
829 2427 917 2498 impos
938 2427 996 2481 vini
1014 2427 1082 2482 vitio
1101 2427 1220 2482 fecerim.

186 2514 312 2569 Bacchid.
331 2516 364 2569 87

899 2579 965 2649 quia
982 2579 1049 2635 istuc
1067 2580 1259 2636 inlecebrosius

342 2669 400 2724 fieri
418 2670 457 2723 nil
475 2673 580 2740 potest:
600 2684 663 2736 nox,
683 2667 786 2729 mulier,
806 2667 900 2722 vinum
918 2667 1025 2721 homini
1043 2668 1255 2722 adulescentulo.

185 2757 293 2811 Terent.
313 2758 430 2828 Adelph.
447 2758 498 2812 470

341 2845 474 2914 persuasit
491 2861 553 2907 nox,
570 2858 661 2903 amor,
681 2840 783 2901 vinum,
803 2837 995 2892 adulescentia.

147 2933 268 3012 Aperte
291 2953 367 2996 vero
390 2954 428 2996 ex
449 2933 567 2996 talibus
598 2930 793 2994 comicorum
818 2927 894 2990 locis
917 2927 1128 2991 derivandum
1153 2933 1200 2991 est
1222 2928 1317 2992 Calli·

148 3032 256 3094 machi
281 3033 480 3113 epigramma
504 3032 584 3096 XLll
608 3029 740 3110 (anthol.
764 3028 831 3091 Pal.
856 3029 916 3095 Xll
942 3029 1013 3104 118)

345 3130 441 3202 εἰμὲν
460 3126 658 3201 έκών,ἷ4ρχῖν’,
678 3125 853 3198 έπεκώμασα,
872 3129 959 3198 μυρία
977 3127 1099 3198 μέμφου,

398 3218 423 3272 εἰ
442 3214 472 3270 δ’
492 3216 567 3270 ι’ὶκιον
587 3212 652 3283 ἥκοι,
675 3211 725 3285 τὴν
743 3216 915 3286 προπέτειαν
934 3213 975 3268 έά.

339 3300 466 3375 Ἄκρατος
485 3306 531 3357 καὶ
546 3301 633 3375 Ἔρως
644 3298 676 3373 μ’
691 3298 862 3371 ἠνάγκασαν,
882 3287 919 3352 ὧν
940 3295 953 3353 ὃ
967 3300 1022 3372 μὲν
1035 3297 1124 3354 αὐτῶν

379 3384 479 3456 εἷλκεν,
499 3385 513 3442 l
534 3386 563 3441 δ’
582 3385 635 3442 ccix
656 3390 699 3442 εἲα
719 3384 769 3458 τὴν
786 3387 959 3458 προπέτειαν
978 3385 1035 3441 ἐᾶν.

345 3472 435 3528 ἐλθὼν
453 3472 483 3528 δ’
501 3472 551 3529 οὐκ
571 3474 679 3546 ἐβόησα,
700 3477 740 3533 τίς
761 3469 877 3544 ἢτίνος,
898 3469 956 3524 ‹tll'
975 3470 1090 3543 ἐφίλησα

397 3559 448 3632 τὴν
466 3561 559 3632 φλιήν.
588 3561 612 3615 εἰ
632 3556 706 3615 τοῦτ’
726 3555 781 3613 ἔστ’
800 3555 918 3630 ἅδίκημ’,
939 3556 1046 3614 ddisse.

150 3650 253 3727 Quem
285 3651 389 3714 locum
423 3671 549 3714 summa
584 3648 755 3714 concordia
782 3648 895 3712 Graeci
924 3653 955 3712 et
983 3649 1124 3714 Romani
1157 3652 1319 3715 asseculae

150 3749 340 3813 Callimachi
362 3754 477 3814 terunt.
532 3752 600 3831 Age
623 3749 746 3812 illorum
771 3768 881 3812 versus
907 3749 1037 3813 audias:
1068 3751 1175 3814 Rufin.
1197 3752 1317 3815 anthol.

149 3850 218 3914 Pal.
240 3850 267 3911 V
288 3851 330 3914 93
402 3907 410 3921 .

345 3941 485 4018 ὥπλισμαι
506 3939 574 4018 πρὸς
589 3944 696 4017 Ἔρωτα
715 3948 779 4017 περὶ
798 3947 936 4018 στέρνοισι
955 3944 1098 4017 λογισμόν,

400 4032 464 4086 οὐδέ
480 4052 517 4104 με
539 4031 646 4102 νικήσει
665 4032 770 4111 μοῦνος
788 4028 840 4086 ἐὼν
857 4028 926 4104 πρὸς
945 4030 1002 4084 ἕνα.

222 4182 248 4248 l)
269 4181 308 4234 uf.
329 4181 458 4236 Meineke
476 4198 544 4237 com.
563 4182 614 4251 frg.
636 4183 671 4234 lV
690 4201 717 4251 p.
736 4183 796 4237 694.
