<?xml version="1.0" encoding="UTF-8"?>
<!DOCTYPE html PUBLIC "-//W3C//DTD XHTML 1.0 Transitional//EN"
    "http://www.w3.org/TR/xhtml1/DTD/xhtml1-transitional.dtd">
<html xmlns="http://www.w3.org/1999/xhtml" xml:lang="en" lang="en">
 <head>
  <title>
</title>
<meta http-equiv="Content-Type" content="text/html;charset=utf-8" />
  <meta name='ocr-system' content='tesseract 3.04.00' />
  <meta name='ocr-capabilities' content='ocr_page ocr_carea ocr_par ocr_line ocrx_word'/>
</head>
<body>
  <div class='ocr_page' id='page_1' title='image "./deincertipoetae00schagoog_0057.png"; bbox 0 0 2946 4734; ppageno 0'>
   <div class='ocr_carea' id='block_1_1' title="bbox 752 235 791 299">
    <p class='ocr_par' dir='ltr' id='par_1_1' title="bbox 752 235 791 299">
     <span class='ocr_line' id='line_1_1' title="bbox 752 235 791 299; baseline 0.026 -1"><span class='ocrx_word' id='word_1_1' title='bbox 752 235 791 299; x_wconf 86' lang='grc'>46</span> 
     </span>
    </p>
   </div>
   <div class='ocr_carea' id='block_1_2' title="bbox 186 416 1356 797">
    <p class='ocr_par' dir='ltr' id='par_1_2' title="bbox 186 416 1356 797">
     <span class='ocr_line' id='line_1_2' title="bbox 188 416 1355 499; baseline -0.003 -15"><span class='ocrx_word' id='word_1_2' title='bbox 188 421 411 484; x_wconf 87' lang='lat' dir='ltr'>detunctorum</span> <span class='ocrx_word' id='word_1_3' title='bbox 431 420 562 481; x_wconf 86' lang='lat' dir='ltr'>virtutes</span> <span class='ocrx_word' id='word_1_4' title='bbox 584 416 637 480; x_wconf 87' lang='lat' dir='ltr'>aul</span> <span class='ocrx_word' id='word_1_5' title='bbox 658 416 838 492; x_wconf 79' lang='lat' dir='ltr'>referentes,</span> <span class='ocrx_word' id='word_1_6' title='bbox 863 437 927 499; x_wconf 90' lang='lat' dir='ltr'>quo</span> <span class='ocrx_word' id='word_1_7' title='bbox 950 417 1083 499; x_wconf 80' lang='lat' dir='ltr'>quisque</span> <span class='ocrx_word' id='word_1_8' title='bbox 1102 437 1178 481; x_wconf 88' lang='lat' dir='ltr'>casu</span> <span class='ocrx_word' id='word_1_9' title='bbox 1196 418 1280 482; x_wconf 86' lang='lat' dir='ltr'>diem</span> <span class='ocrx_word' id='word_1_10' title='bbox 1301 437 1355 482; x_wconf 88' lang='lat' dir='ltr'>su-</span> 
     </span>
     <span class='ocr_line' id='line_1_3' title="bbox 186 516 1356 603; baseline -0.003 -19"><span class='ocrx_word' id='word_1_11' title='bbox 186 541 335 603; x_wconf 87' lang='lat' dir='ltr'>premum</span> <span class='ocrx_word' id='word_1_12' title='bbox 356 519 478 583; x_wconf 90' lang='lat' dir='ltr'>obierit.</span> <span class='ocrx_word' id='word_1_13' title='bbox 522 517 584 580; x_wconf 86' lang='lat' dir='ltr'>Sed</span> <span class='ocrx_word' id='word_1_14' title='bbox 608 517 764 596; x_wconf 89' lang='lat' dir='ltr'>permulta</span> <span class='ocrx_word' id='word_1_15' title='bbox 787 516 1016 598; x_wconf 87' lang='lat' dir='ltr'>epigrammata</span> <span class='ocrx_word' id='word_1_16' title='bbox 1038 518 1152 581; x_wconf 85' lang='lat' dir='ltr'>finiunt</span> <span class='ocrx_word' id='word_1_17' title='bbox 1175 519 1205 580; x_wconf 91' lang='lat' dir='ltr'>in</span> <span class='ocrx_word' id='word_1_18' title='bbox 1228 523 1356 583; x_wconf 85' lang='lat' dir='ltr'>senten-</span> 
     </span>
     <span class='ocr_line' id='line_1_4' title="bbox 186 616 1355 698; baseline -0.003 -14"><span class='ocrx_word' id='word_1_19' title='bbox 186 623 265 684; x_wconf 89' lang='lat' dir='ltr'>tiam</span> <span class='ocrx_word' id='word_1_20' title='bbox 300 618 545 684; x_wconf 69' lang='lat' dir='ltr'>consolatoriam</span> <span class='ocrx_word' id='word_1_21' title='bbox 576 620 606 677; x_wconf 91' lang='lat' dir='ltr'>et</span> <span class='ocrx_word' id='word_1_22' title='bbox 638 616 717 678; x_wconf 90' lang='lat' dir='ltr'>haec</span> <span class='ocrx_word' id='word_1_23' title='bbox 752 635 818 678; x_wconf 89' lang='lat' dir='ltr'>non</span> <span class='ocrx_word' id='word_1_24' title='bbox 848 616 966 679; x_wconf 82' lang='lat' dir='ltr'>ordinis</span> <span class='ocrx_word' id='word_1_25' title='bbox 999 618 1056 681; x_wconf 91' lang='lat' dir='ltr'>sed</span> <span class='ocrx_word' id='word_1_26' title='bbox 1091 623 1355 698; x_wconf 85' lang='lat' dir='ltr'>argumentorum</span> 
     </span>
     <span class='ocr_line' id='line_1_5' title="bbox 186 719 642 797; baseline -0.018 -13"><span class='ocrx_word' id='word_1_27' title='bbox 186 722 309 785; x_wconf 90' lang='lat' dir='ltr'>ratione</span> <span class='ocrx_word' id='word_1_28' title='bbox 331 719 443 782; x_wconf 88' lang='lat' dir='ltr'>habita</span> <span class='ocrx_word' id='word_1_29' title='bbox 466 735 642 797; x_wconf 78' lang='lat' dir='ltr'>excerpam.</span> 
     </span>
    </p>
   </div>
   <div class='ocr_carea' id='block_1_3' title="bbox 184 833 1356 1842">
    <p class='ocr_par' dir='ltr' id='par_1_3' title="bbox 186 833 1355 1115">
     <span class='ocr_line' id='line_1_6' title="bbox 271 833 1354 917; baseline 0 -20"><span class='ocrx_word' id='word_1_30' title='bbox 271 840 312 899; x_wconf 87' lang='lat' dir='ltr'>Ac</span> <span class='ocrx_word' id='word_1_31' title='bbox 327 836 466 917; x_wconf 92' lang='lat' dir='ltr'>primum</span> <span class='ocrx_word' id='word_1_32' title='bbox 486 834 616 915; x_wconf 87' lang='lat' dir='ltr'>quidem</span> <span class='ocrx_word' id='word_1_33' title='bbox 631 836 857 911; x_wconf 77' lang='lat' dir='ltr'>argumentum</span> <span class='ocrx_word' id='word_1_34' title='bbox 877 835 1014 895; x_wconf 88' lang='lat' dir='ltr'>mortem</span> <span class='ocrx_word' id='word_1_35' title='bbox 1028 833 1176 897; x_wconf 89' lang='lat' dir='ltr'>omnibus</span> <span class='ocrx_word' id='word_1_36' title='bbox 1191 836 1354 897; x_wconf 89' lang='lat' dir='ltr'>imminere</span> 
     </span>
     <span class='ocr_line' id='line_1_7' title="bbox 186 932 1355 1017; baseline -0.002 -19"><span class='ocrx_word' id='word_1_37' title='bbox 186 956 289 1017; x_wconf 91' lang='lat' dir='ltr'>neque</span> <span class='ocrx_word' id='word_1_38' title='bbox 306 955 372 998; x_wconf 88' lang='lat' dir='ltr'>esse</span> <span class='ocrx_word' id='word_1_39' title='bbox 389 932 651 1015; x_wconf 87' lang='lat' dir='ltr'>complorandam</span> <span class='ocrx_word' id='word_1_40' title='bbox 675 932 819 1014; x_wconf 86' lang='lat' dir='ltr'>exprimit</span> <span class='ocrx_word' id='word_1_41' title='bbox 835 932 1011 1014; x_wconf 87' lang='lat' dir='ltr'>Spartanus</span> <span class='ocrx_word' id='word_1_42' title='bbox 1032 933 1080 996; x_wconf 91' lang='lat' dir='ltr'>ille</span> <span class='ocrx_word' id='word_1_43' title='bbox 1102 934 1132 996; x_wconf 92' lang='lat' dir='ltr'>in</span> <span class='ocrx_word' id='word_1_44' title='bbox 1150 934 1232 997; x_wconf 87' lang='lat' dir='ltr'>filiae</span> <span class='ocrx_word' id='word_1_45' title='bbox 1245 934 1355 997; x_wconf 84' lang='lat' dir='ltr'>sunere</span> 
     </span>
     <span class='ocr_line' id='line_1_8' title="bbox 188 1030 722 1115; baseline -0.006 -17"><span class='ocrx_word' id='word_1_46' title='bbox 188 1035 371 1099; x_wconf 81' lang='lat' dir='ltr'>exclamans</span> <span class='ocrx_word' id='word_1_47' title='bbox 393 1033 432 1115; x_wconf 86' lang='lat' dir='ltr'>(c.</span> <span class='ocrx_word' id='word_1_48' title='bbox 450 1033 519 1096; x_wconf 59' lang='grc'><strong>9029.</strong></span> <span class='ocrx_word' id='word_1_49' title='bbox 537 1030 619 1112; x_wconf 75' lang='lat'><strong>516):</strong></span> <span class='ocrx_word' id='word_1_50' title='bbox 721 1094 722 1098; x_wconf 73' lang='grc'>,</span> 
     </span>
    </p>

    <p class='ocr_par' dir='ltr' id='par_1_4' title="bbox 184 1142 1356 1842">
     <span class='ocr_line' id='line_1_9' title="bbox 249 1142 1151 1227; baseline -0.008 -13"><span class='ocrx_word' id='word_1_51' title='bbox 249 1151 355 1214; x_wconf 76' lang='grc' dir='ltr'>Δειλοί</span> <span class='ocrx_word' id='word_1_52' title='bbox 377 1151 617 1214; x_wconf 70' lang='grc' dir='ltr'><strong><em>κλαιέσθωσαν·</em></strong></span> <span class='ocrx_word' id='word_1_53' title='bbox 654 1147 714 1227; x_wconf 60' lang='lat' dir='ltr'>eya}</span> <span class='ocrx_word' id='word_1_54' title='bbox 736 1147 775 1208; x_wconf 82' lang='grc' dir='ltr'><em>δέ</em></span> <span class='ocrx_word' id='word_1_55' title='bbox 796 1165 843 1224; x_wconf 76' lang='grc' dir='ltr'>σε,</span> <span class='ocrx_word' id='word_1_56' title='bbox 866 1154 987 1224; x_wconf 80' lang='grc' dir='ltr'><strong><em>τέκνον,</em></strong></span> <span class='ocrx_word' id='word_1_57' title='bbox 1009 1142 1151 1227; x_wconf 77' lang='grc' dir='ltr'><strong><em>ἄδακρυς</em></strong></span> 
     </span>
     <span class='ocr_line' id='line_1_10' title="bbox 288 1244 1030 1337; baseline -0.007 -25"><span class='ocrx_word' id='word_1_58' title='bbox 288 1251 406 1337; x_wconf 65' lang='grc' dir='ltr'><strong><em>θάψαι,</em></strong></span> <span class='ocrx_word' id='word_1_59' title='bbox 428 1249 487 1310; x_wconf 80' lang='grc' dir='ltr'>τάν</span> <span class='ocrx_word' id='word_1_60' title='bbox 505 1249 558 1309; x_wconf 74' lang='grc' dir='ltr'>καὶ</span> <span class='ocrx_word' id='word_1_61' title='bbox 582 1247 661 1327; x_wconf 78' lang='grc' dir='ltr'><strong><em>ἐμὸν</em></strong></span> <span class='ocrx_word' id='word_1_62' title='bbox 681 1246 734 1307; x_wconf 82' lang='grc' dir='ltr'>καὶ</span> <span class='ocrx_word' id='word_1_63' title='bbox 758 1244 1030 1325; x_wconf 78' lang='grc' dir='ltr'><strong><em>Λακεδαιμόνιον.</em></strong></span> 
     </span>
     <span class='ocr_line' id='line_1_11' title="bbox 189 1362 1356 1436; baseline -0.004 -5"><span class='ocrx_word' id='word_1_64' title='bbox 189 1366 336 1431; x_wconf 85' lang='lat' dir='ltr'>Carmine</span> <span class='ocrx_word' id='word_1_65' title='bbox 361 1366 428 1428; x_wconf 76' lang='lat'>147.</span> <span class='ocrx_word' id='word_1_66' title='bbox 451 1364 658 1436; x_wconf 82' lang='lat' dir='ltr'>9t10deinde</span> <span class='ocrx_word' id='word_1_67' title='bbox 681 1363 815 1426; x_wconf 80' lang='lat' dir='ltr'>Archias</span> <span class='ocrx_word' id='word_1_68' title='bbox 834 1363 1029 1425; x_wconf 85' lang='lat' dir='ltr'>demonstrat</span> <span class='ocrx_word' id='word_1_69' title='bbox 1053 1382 1117 1425; x_wconf 92' lang='lat' dir='ltr'>non</span> <span class='ocrx_word' id='word_1_70' title='bbox 1142 1362 1282 1426; x_wconf 89' lang='lat' dir='ltr'>hostium</span> <span class='ocrx_word' id='word_1_71' title='bbox 1305 1383 1356 1426; x_wconf 88' lang='lat' dir='ltr'>ar-</span> 
     </span>
     <span class='ocr_line' id='line_1_12' title="bbox 184 1460 1354 1542; baseline -0.004 -13"><span class='ocrx_word' id='word_1_72' title='bbox 184 1468 243 1530; x_wconf 90' lang='lat' dir='ltr'>mis</span> <span class='ocrx_word' id='word_1_73' title='bbox 271 1467 326 1529; x_wconf 87' lang='lat' dir='ltr'>sed</span> <span class='ocrx_word' id='word_1_74' title='bbox 357 1467 387 1528; x_wconf 92' lang='lat' dir='ltr'>vi</span> <span class='ocrx_word' id='word_1_75' title='bbox 417 1466 557 1528; x_wconf 84' lang='lat' dir='ltr'>latorum</span> <span class='ocrx_word' id='word_1_76' title='bbox 580 1464 710 1526; x_wconf 88' lang='lat' dir='ltr'>Aiacem</span> <span class='ocrx_word' id='word_1_77' title='bbox 739 1482 805 1525; x_wconf 85' lang='lat' dir='ltr'>esse</span> <span class='ocrx_word' id='word_1_78' title='bbox 837 1466 1010 1525; x_wconf 86' lang='lat' dir='ltr'>mortuum.</span> <span class='ocrx_word' id='word_1_79' title='bbox 1054 1463 1141 1524; x_wconf 88' lang='lat' dir='ltr'>ldem</span> <span class='ocrx_word' id='word_1_80' title='bbox 1161 1460 1354 1542; x_wconf 80' lang='lat' dir='ltr'>Crinagoras</span> 
     </span>
     <span class='ocr_line' id='line_1_13' title="bbox 185 1561 1355 1647; baseline -0.006 -18"><span class='ocrx_word' id='word_1_81' title='bbox 185 1567 305 1647; x_wconf 83' lang='lat' dir='ltr'>profert</span> <span class='ocrx_word' id='word_1_82' title='bbox 334 1586 360 1628; x_wconf 91' lang='lat' dir='ltr'>c.</span> <span class='ocrx_word' id='word_1_83' title='bbox 384 1566 450 1629; x_wconf 80' lang='lat'>376.</span> <span class='ocrx_word' id='word_1_84' title='bbox 477 1565 544 1638; x_wconf 71' lang='lat' dir='ltr'>la,</span> <span class='ocrx_word' id='word_1_85' title='bbox 576 1562 751 1643; x_wconf 84' lang='lat' dir='ltr'>similiaque</span> <span class='ocrx_word' id='word_1_86' title='bbox 784 1562 947 1625; x_wconf 79' lang='lat' dir='ltr'>continent</span> <span class='ocrx_word' id='word_1_87' title='bbox 968 1582 992 1625; x_wconf 87' lang='lat' dir='ltr'>c.</span> <span class='ocrx_word' id='word_1_88' title='bbox 1014 1562 1074 1625; x_wconf 83' lang='lat'>389</span> <span class='ocrx_word' id='word_1_89' title='bbox 1098 1565 1133 1623; x_wconf 85' lang='lat' dir='ltr'>o:</span> <span class='ocrx_word' id='word_1_90' title='bbox 1172 1561 1261 1646; x_wconf 77' lang='grc' dir='ltr'><strong><em>κοινή</em></strong></span> <span class='ocrx_word' id='word_1_91' title='bbox 1291 1585 1355 1622; x_wconf 86' lang='grc' dir='ltr'>που</span> 
     </span>
     <span class='ocr_line' id='line_1_14' title="bbox 186 1660 1352 1746; baseline -0.003 -18"><span class='ocrx_word' id='word_1_92' title='bbox 186 1663 246 1740; x_wconf 65' lang='lat' dir='ltr'>acl}</span> <span class='ocrx_word' id='word_1_93' title='bbox 274 1670 335 1745; x_wconf 80' lang='grc' dir='ltr'>μία</span> <span class='ocrx_word' id='word_1_94' title='bbox 364 1662 493 1735; x_wconf 91' lang='grc' dir='ltr'><strong><em>πάντας</em></strong></span> <span class='ocrx_word' id='word_1_95' title='bbox 524 1664 597 1740; x_wconf 76' lang='grc' dir='ltr'><strong><em>ἔχει,</em></strong></span> <span class='ocrx_word' id='word_1_96' title='bbox 630 1665 661 1724; x_wconf 87' lang='lat' dir='ltr'>et</span> <span class='ocrx_word' id='word_1_97' title='bbox 683 1681 709 1724; x_wconf 83' lang='lat' dir='ltr'>e.</span> <span class='ocrx_word' id='word_1_98' title='bbox 731 1660 801 1723; x_wconf 69' lang='lat'>4502.</span> <span class='ocrx_word' id='word_1_99' title='bbox 823 1662 855 1724; x_wconf 63' lang='grc' dir='ltr'>λε</span> <span class='ocrx_word' id='word_1_100' title='bbox 884 1660 987 1734; x_wconf 78' lang='grc' dir='ltr'><strong><em>κοινάς</em></strong></span> <span class='ocrx_word' id='word_1_101' title='bbox 1015 1665 1100 1725; x_wconf 83' lang='grc' dir='ltr'><strong><em>πᾶσι</em></strong></span> <span class='ocrx_word' id='word_1_102' title='bbox 1126 1660 1223 1746; x_wconf 67' lang='grc' dir='ltr'><strong><em>λιμήν</em></strong></span> <span class='ocrx_word' id='word_1_103' title='bbox 1246 1662 1352 1745; x_wconf 70' lang='grc' dir='ltr'><strong><em>Ἀΐδης·</em></strong></span> 
     </span>
     <span class='ocr_line' id='line_1_15' title="bbox 188 1756 1257 1842; baseline -0.004 -13"><span class='ocrx_word' id='word_1_104' title='bbox 188 1787 214 1830; x_wconf 91' lang='lat' dir='ltr'>c.</span> <span class='ocrx_word' id='word_1_105' title='bbox 236 1765 297 1827; x_wconf 70' lang='lat'>459</span> <span class='ocrx_word' id='word_1_106' title='bbox 318 1767 413 1827; x_wconf 82' lang='lat' dir='ltr'>vocat</span> <span class='ocrx_word' id='word_1_107' title='bbox 436 1783 466 1824; x_wconf 88' lang='lat' dir='ltr'>v.</span> <span class='ocrx_word' id='word_1_108' title='bbox 489 1763 510 1823; x_wconf 74' lang='lat' dir='ltr'>A</span> <span class='ocrx_word' id='word_1_109' title='bbox 530 1764 666 1824; x_wconf 83' lang='lat' dir='ltr'>mortem</span> <span class='ocrx_word' id='word_1_110' title='bbox 687 1761 744 1821; x_wconf 77' lang='grc' dir='ltr'>τὸν</span> <span class='ocrx_word' id='word_1_111' title='bbox 767 1758 892 1832; x_wconf 89' lang='grc' dir='ltr'><strong><em>πάσαις</em></strong></span> <span class='ocrx_word' id='word_1_112' title='bbox 911 1756 1017 1822; x_wconf 75' lang='grc' dir='ltr'><strong><em>ὕπνον</em></strong></span> <span class='ocrx_word' id='word_1_113' title='bbox 1038 1758 1257 1842; x_wconf 81' lang='grc' dir='ltr'><strong><em>ὀφειλόμενον.</em></strong></span> 
     </span>
    </p>
   </div>
   <div class='ocr_carea' id='block_1_4' title="bbox 186 1873 1353 2152">
    <p class='ocr_par' dir='ltr' id='par_1_5' title="bbox 186 1873 1353 2152">
     <span class='ocr_line' id='line_1_16' title="bbox 186 1873 1261 1956; baseline -0.007 -13"><span class='ocrx_word' id='word_1_114' title='bbox 186 1900 284 1943; x_wconf 83' lang='lat' dir='ltr'>carm.</span> <span class='ocrx_word' id='word_1_115' title='bbox 307 1880 376 1941; x_wconf 66' lang='lat'>335.</span> <span class='ocrx_word' id='word_1_116' title='bbox 398 1878 465 1948; x_wconf 64' lang='lat'>516:</span> <span class='ocrx_word' id='word_1_117' title='bbox 488 1879 522 1936; x_wconf 85' lang='grc' dir='ltr'>τί</span> <span class='ocrx_word' id='word_1_118' title='bbox 536 1874 681 1952; x_wconf 77' lang='grc' dir='ltr'><strong><em>περισσά</em></strong></span> <span class='ocrx_word' id='word_1_119' title='bbox 704 1877 855 1955; x_wconf 70' lang='grc' dir='ltr'><strong><em>θρηνεῑςς</em></strong></span> <span class='ocrx_word' id='word_1_120' title='bbox 874 1874 961 1935; x_wconf 80' lang='grc' dir='ltr'><strong><em>τίδὲ</em></strong></span> <span class='ocrx_word' id='word_1_121' title='bbox 982 1873 1091 1956; x_wconf 73' lang='grc' dir='ltr'><strong><em>μάτην</em></strong></span> <span class='ocrx_word' id='word_1_122' title='bbox 1111 1874 1261 1954; x_wconf 69' lang='grc' dir='ltr'><strong><em>ὀδάρεαις</em></strong></span> 
     </span>
     <span class='ocr_line' id='line_1_17' title="bbox 485 1970 1196 2058; baseline -0.003 -22"><span class='ocrx_word' id='word_1_123' title='bbox 485 1974 529 2048; x_wconf 81' lang='grc' dir='ltr'>εἰς</span> <span class='ocrx_word' id='word_1_124' title='bbox 549 1970 778 2056; x_wconf 63' lang='grc' dir='ltr'><strong><em>κοινάνἭιδην</em></strong></span> <span class='ocrx_word' id='word_1_125' title='bbox 798 1972 922 2047; x_wconf 85' lang='grc' dir='ltr'><strong><em>πάντες</em></strong></span> <span class='ocrx_word' id='word_1_126' title='bbox 942 1970 1056 2058; x_wconf 77' lang='grc' dir='ltr'><strong><em>ἥξουσι</em></strong></span> <span class='ocrx_word' id='word_1_127' title='bbox 1076 1980 1196 2056; x_wconf 73' lang='grc' dir='ltr'><strong><em>βροτοί.</em></strong></span> 
     </span>
     <span class='ocr_line' id='line_1_18' title="bbox 187 2058 1353 2152; baseline -0.004 -11"><span class='ocrx_word' id='word_1_128' title='bbox 187 2096 283 2141; x_wconf 83' lang='lat' dir='ltr'>carm.</span> <span class='ocrx_word' id='word_1_129' title='bbox 307 2075 383 2138; x_wconf 70' lang='lat'>342:</span> <span class='ocrx_word' id='word_1_130' title='bbox 413 2073 603 2150; x_wconf 69' lang='grc' dir='ltr'><strong><em>Κάτθανον,</em></strong></span> <span class='ocrx_word' id='word_1_131' title='bbox 622 2071 706 2136; x_wconf 75' lang='grc' dir='ltr'><strong><em>ἄλλά</em></strong></span> <span class='ocrx_word' id='word_1_132' title='bbox 727 2081 813 2152; x_wconf 80' lang='grc' dir='ltr'><strong><em>με’νιο</em></strong></span> <span class='ocrx_word' id='word_1_133' title='bbox 836 2088 883 2135; x_wconf 82' lang='grc' dir='ltr'>σε·</span> <span class='ocrx_word' id='word_1_134' title='bbox 905 2076 1012 2151; x_wconf 75' lang='grc' dir='ltr'><strong><em>μενεῖς</em></strong></span> <span class='ocrx_word' id='word_1_135' title='bbox 1041 2073 1082 2136; x_wconf 82' lang='grc' dir='ltr'>δέ</span> <span class='ocrx_word' id='word_1_136' title='bbox 1099 2096 1136 2134; x_wconf 84' lang='grc' dir='ltr'>τε</span> <span class='ocrx_word' id='word_1_137' title='bbox 1156 2074 1209 2136; x_wconf 82' lang='grc' dir='ltr'>καὶ</span> <span class='ocrx_word' id='word_1_138' title='bbox 1233 2072 1273 2138; x_wconf 82' lang='grc' dir='ltr'>σά</span> <span class='ocrx_word' id='word_1_139' title='bbox 1293 2058 1353 2138; x_wconf 58' lang='grc' dir='ltr'><strong><em>τιν’</em></strong></span> 
     </span>
    </p>
   </div>
   <div class='ocr_carea' id='block_1_5' title="bbox 187 2171 1353 2883">
    <p class='ocr_par' dir='ltr' id='par_1_6' title="bbox 187 2171 1353 2883">
     <span class='ocr_line' id='line_1_19' title="bbox 1161 2171 1271 2236; baseline -0.018 0"><span class='ocrx_word' id='word_1_140' title='bbox 1161 2171 1271 2236; x_wconf 78' lang='grc' dir='ltr'><strong><em>ἄλλον.</em></strong></span> 
     </span>
     <span class='ocr_line' id='line_1_20' title="bbox 476 2259 1219 2352; baseline 0.007 -22"><span class='ocrx_word' id='word_1_141' title='bbox 476 2269 604 2342; x_wconf 81' lang='grc' dir='ltr'><strong><em>πάντας</em></strong></span> <span class='ocrx_word' id='word_1_142' title='bbox 625 2269 710 2350; x_wconf 76' lang='grc' dir='ltr'><strong><em>ὁμῶς</em></strong></span> <span class='ocrx_word' id='word_1_143' title='bbox 731 2269 874 2351; x_wconf 51' lang='lat' dir='ltr'>&amp;rhamis</span> <span class='ocrx_word' id='word_1_144' title='bbox 896 2259 941 2342; x_wconf 82' lang='grc' dir='ltr'>εἷς</span> <span class='ocrx_word' id='word_1_145' title='bbox 961 2269 1061 2352; x_wconf 66' lang='grc' dir='ltr'><strong><em>Ἀΐδης</em></strong></span> <span class='ocrx_word' id='word_1_146' title='bbox 1083 2271 1219 2352; x_wconf 77' lang='grc' dir='ltr'><strong><em>δέχεται.</em></strong></span> 
     </span>
     <span class='ocr_line' id='line_1_21' title="bbox 266 2386 1353 2470; baseline 0.001 -18"><span class='ocrx_word' id='word_1_147' title='bbox 266 2387 419 2452; x_wconf 86' lang='lat' dir='ltr'>Citandus</span> <span class='ocrx_word' id='word_1_148' title='bbox 457 2387 518 2450; x_wconf 89' lang='lat' dir='ltr'>hoc</span> <span class='ocrx_word' id='word_1_149' title='bbox 545 2387 615 2451; x_wconf 93' lang='lat' dir='ltr'>loco</span> <span class='ocrx_word' id='word_1_150' title='bbox 647 2386 808 2451; x_wconf 90' lang='lat' dir='ltr'>Leonidas</span> <span class='ocrx_word' id='word_1_151' title='bbox 837 2405 969 2469; x_wconf 89' lang='lat' dir='ltr'>quoque</span> <span class='ocrx_word' id='word_1_152' title='bbox 997 2392 1060 2467; x_wconf 89' lang='lat' dir='ltr'>est,</span> <span class='ocrx_word' id='word_1_153' title='bbox 1089 2389 1144 2470; x_wconf 88' lang='lat' dir='ltr'>qui</span> <span class='ocrx_word' id='word_1_154' title='bbox 1172 2410 1198 2453; x_wconf 94' lang='lat' dir='ltr'>c.</span> <span class='ocrx_word' id='word_1_155' title='bbox 1220 2390 1276 2453; x_wconf 85' lang='lat'>731</span> <span class='ocrx_word' id='word_1_156' title='bbox 1301 2391 1353 2463; x_wconf 61' lang='lat'>324</span> 
     </span>
     <span class='ocr_line' id='line_1_22' title="bbox 187 2490 280 2552; baseline -0.022 0"><span class='ocrx_word' id='word_1_157' title='bbox 187 2490 280 2552; x_wconf 86' lang='lat' dir='ltr'>dicit:</span> 
     </span>
     <span class='ocr_line' id='line_1_23' title="bbox 248 2580 1108 2671; baseline 0.001 -23"><span class='ocrx_word' id='word_1_158' title='bbox 248 2583 413 2669; x_wconf 79' lang='grc' dir='ltr'><strong><em>δνσκάφει</em></strong></span> <span class='ocrx_word' id='word_1_159' title='bbox 434 2585 479 2667; x_wconf 75' lang='grc' dir='ltr'>μή</span> <span class='ocrx_word' id='word_1_160' title='bbox 500 2588 610 2664; x_wconf 80' lang='grc' dir='ltr'><em>Γόργε·</em></span> <span class='ocrx_word' id='word_1_161' title='bbox 632 2587 668 2646; x_wconf 84' lang='grc' dir='ltr'>τί</span> <span class='ocrx_word' id='word_1_162' title='bbox 686 2606 735 2645; x_wconf 89' lang='grc' dir='ltr'>τοι</span> <span class='ocrx_word' id='word_1_163' title='bbox 754 2592 962 2665; x_wconf 81' lang='grc' dir='ltr'><strong><em>χαριέστερον</em></strong></span> <span class='ocrx_word' id='word_1_164' title='bbox 980 2580 1004 2671; x_wconf 71' lang='grc' dir='ltr'><em>ἢ</em></span> <span class='ocrx_word' id='word_1_165' title='bbox 1023 2591 1108 2669; x_wconf 80' lang='grc' dir='ltr'><strong><em>τρεῖς</em></strong></span> 
     </span>
     <span class='ocr_line' id='line_1_24' title="bbox 288 2680 959 2771; baseline 0.001 -26"><span class='ocrx_word' id='word_1_166' title='bbox 288 2681 310 2771; x_wconf 74' lang='grc' dir='ltr'><em>ἢ</em></span> <span class='ocrx_word' id='word_1_167' title='bbox 331 2681 472 2764; x_wconf 77' lang='grc' dir='ltr'><strong><em>πισάρας</em></strong></span> <span class='ocrx_word' id='word_1_168' title='bbox 492 2687 588 2756; x_wconf 90' lang='grc' dir='ltr'><strong><em>ποιάς</em></strong></span> <span class='ocrx_word' id='word_1_169' title='bbox 609 2681 747 2767; x_wconf 77' lang='grc' dir='ltr'><strong><em>θάλψαι</em></strong></span> <span class='ocrx_word' id='word_1_170' title='bbox 771 2681 827 2744; x_wconf 74' lang='grc' dir='ltr'>ὑπ’</span> <span class='ocrx_word' id='word_1_171' title='bbox 846 2680 959 2765; x_wconf 81' lang='grc' dir='ltr'><strong><em>ήελίῳ;</em></strong></span> 
     </span>
     <span class='ocr_line' id='line_1_25' title="bbox 188 2799 969 2883; baseline 0.001 -19"><span class='ocrx_word' id='word_1_172' title='bbox 188 2801 306 2865; x_wconf 90' lang='lat' dir='ltr'>scilicet</span> <span class='ocrx_word' id='word_1_173' title='bbox 328 2802 402 2883; x_wconf 88' lang='lat' dir='ltr'>quia</span> <span class='ocrx_word' id='word_1_174' title='bbox 424 2819 511 2863; x_wconf 91' lang='lat' dir='ltr'>mors</span> <span class='ocrx_word' id='word_1_175' title='bbox 532 2803 639 2863; x_wconf 88' lang='lat' dir='ltr'>tamen</span> <span class='ocrx_word' id='word_1_176' title='bbox 662 2799 735 2862; x_wconf 90' lang='lat' dir='ltr'>olim</span> <span class='ocrx_word' id='word_1_177' title='bbox 755 2818 808 2862; x_wconf 92' lang='lat' dir='ltr'>me</span> <span class='ocrx_word' id='word_1_178' title='bbox 825 2800 969 2883; x_wconf 83' lang='lat' dir='ltr'>abripiet.</span> 
     </span>
    </p>
   </div>
   <div class='ocr_carea' id='block_1_6' title="bbox 184 2915 1353 3298">
    <p class='ocr_par' dir='ltr' id='par_1_7' title="bbox 184 2915 1353 3298">
     <span class='ocr_line' id='line_1_26' title="bbox 268 2915 1352 3001; baseline 0.003 -20"><span class='ocrx_word' id='word_1_179' title='bbox 268 2918 376 2981; x_wconf 91' lang='lat' dir='ltr'>Altero</span> <span class='ocrx_word' id='word_1_180' title='bbox 398 2935 525 2998; x_wconf 87' lang='lat' dir='ltr'>quoque</span> <span class='ocrx_word' id='word_1_181' title='bbox 543 2915 726 2979; x_wconf 88' lang='lat' dir='ltr'>consolandi</span> <span class='ocrx_word' id='word_1_182' title='bbox 746 2921 935 2997; x_wconf 84' lang='lat' dir='ltr'>argumento</span> <span class='ocrx_word' id='word_1_183' title='bbox 955 2917 1055 2982; x_wconf 88' lang='lat' dir='ltr'>utitur</span> <span class='ocrx_word' id='word_1_184' title='bbox 1074 2919 1241 3001; x_wconf 84' lang='lat' dir='ltr'>Antipater</span> <span class='ocrx_word' id='word_1_185' title='bbox 1260 2921 1352 2985; x_wconf 87' lang='lat' dir='ltr'>Sido-</span> 
     </span>
     <span class='ocr_line' id='line_1_27' title="bbox 186 3014 1353 3103; baseline 0.006 -25"><span class='ocrx_word' id='word_1_186' title='bbox 186 3017 257 3079; x_wconf 89' lang='lat' dir='ltr'>nius</span> <span class='ocrx_word' id='word_1_187' title='bbox 282 3020 318 3092; x_wconf 85' lang='lat' dir='ltr'>(c.</span> <span class='ocrx_word' id='word_1_188' title='bbox 342 3014 373 3097; x_wconf 87' lang='grc'>8)</span> <span class='ocrx_word' id='word_1_189' title='bbox 396 3015 516 3097; x_wconf 87' lang='lat' dir='ltr'>Orphei</span> <span class='ocrx_word' id='word_1_190' title='bbox 537 3019 674 3079; x_wconf 88' lang='lat' dir='ltr'>matrem</span> <span class='ocrx_word' id='word_1_191' title='bbox 695 3016 861 3079; x_wconf 89' lang='lat' dir='ltr'>consolans</span> <span class='ocrx_word' id='word_1_192' title='bbox 886 3017 925 3079; x_wconf 93' lang='lat' dir='ltr'>de</span> <span class='ocrx_word' id='word_1_193' title='bbox 946 3022 1049 3081; x_wconf 92' lang='lat' dir='ltr'>morte</span> <span class='ocrx_word' id='word_1_194' title='bbox 1072 3019 1124 3082; x_wconf 90' lang='lat' dir='ltr'>filii</span> <span class='ocrx_word' id='word_1_195' title='bbox 1146 3039 1204 3101; x_wconf 81' lang='lat' dir='ltr'>per</span> <span class='ocrx_word' id='word_1_196' title='bbox 1225 3040 1353 3103; x_wconf 85' lang='lat' dir='ltr'>exemp-</span> 
     </span>
     <span class='ocr_line' id='line_1_28' title="bbox 186 3114 1350 3197; baseline 0.003 -19"><span class='ocrx_word' id='word_1_197' title='bbox 186 3115 252 3178; x_wconf 90' lang='lat' dir='ltr'>lum</span> <span class='ocrx_word' id='word_1_198' title='bbox 274 3114 418 3177; x_wconf 88' lang='lat' dir='ltr'>Thetidis</span> <span class='ocrx_word' id='word_1_199' title='bbox 439 3134 522 3197; x_wconf 91' lang='lat' dir='ltr'>quae</span> <span class='ocrx_word' id='word_1_200' title='bbox 544 3133 742 3196; x_wconf 88' lang='lat' dir='ltr'>quamquam</span> <span class='ocrx_word' id='word_1_201' title='bbox 765 3115 825 3178; x_wconf 88' lang='lat' dir='ltr'>dea</span> <span class='ocrx_word' id='word_1_202' title='bbox 846 3115 939 3180; x_wconf 87' lang='lat' dir='ltr'>tuerit</span> <span class='ocrx_word' id='word_1_203' title='bbox 955 3122 1063 3181; x_wconf 92' lang='lat' dir='ltr'>tamen</span> <span class='ocrx_word' id='word_1_204' title='bbox 1082 3119 1221 3182; x_wconf 88' lang='lat' dir='ltr'>amiserit</span> <span class='ocrx_word' id='word_1_205' title='bbox 1236 3119 1350 3195; x_wconf 88' lang='lat' dir='ltr'>fllium;</span> 
     </span>
     <span class='ocr_line' id='line_1_29' title="bbox 184 3213 1128 3298; baseline 0.004 -21"><span class='ocrx_word' id='word_1_206' title='bbox 184 3234 282 3296; x_wconf 89' lang='lat' dir='ltr'>quam</span> <span class='ocrx_word' id='word_1_207' title='bbox 303 3214 344 3277; x_wconf 89' lang='lat' dir='ltr'>oh</span> <span class='ocrx_word' id='word_1_208' title='bbox 365 3234 432 3276; x_wconf 88' lang='lat' dir='ltr'>rem</span> <span class='ocrx_word' id='word_1_209' title='bbox 454 3213 599 3277; x_wconf 89' lang='lat' dir='ltr'>desinant</span> <span class='ocrx_word' id='word_1_210' title='bbox 620 3213 770 3277; x_wconf 84' lang='lat' dir='ltr'>mortales</span> <span class='ocrx_word' id='word_1_211' title='bbox 793 3215 905 3278; x_wconf 86' lang='lat' dir='ltr'>funera</span> <span class='ocrx_word' id='word_1_212' title='bbox 925 3217 1128 3298; x_wconf 88' lang='lat' dir='ltr'>complorare.</span> 
     </span>
    </p>
   </div>
   <div class='ocr_carea' id='block_1_7' title="bbox 184 3328 1354 3508">
    <p class='ocr_par' dir='ltr' id='par_1_8' title="bbox 184 3328 1354 3508">
     <span class='ocr_line' id='line_1_30' title="bbox 268 3328 1354 3408; baseline 0.008 -17"><span class='ocrx_word' id='word_1_213' title='bbox 268 3329 412 3392; x_wconf 89' lang='lat' dir='ltr'>Tertium</span> <span class='ocrx_word' id='word_1_214' title='bbox 434 3328 547 3392; x_wconf 88' lang='lat' dir='ltr'>deinde</span> <span class='ocrx_word' id='word_1_215' title='bbox 570 3332 796 3408; x_wconf 82' lang='lat' dir='ltr'>argumentum</span> <span class='ocrx_word' id='word_1_216' title='bbox 818 3334 954 3394; x_wconf 85' lang='lat' dir='ltr'>mortem</span> <span class='ocrx_word' id='word_1_217' title='bbox 975 3331 1096 3396; x_wconf 87' lang='lat' dir='ltr'>solvere</span> <span class='ocrx_word' id='word_1_218' title='bbox 1117 3334 1211 3408; x_wconf 84' lang='lat' dir='ltr'>mala,</span> <span class='ocrx_word' id='word_1_219' title='bbox 1234 3336 1354 3400; x_wconf 84' lang='lat' dir='ltr'>inveni·</span> 
     </span>
     <span class='ocr_line' id='line_1_31' title="bbox 184 3426 1227 3508; baseline 0.008 -18"><span class='ocrx_word' id='word_1_220' title='bbox 184 3448 259 3491; x_wconf 89' lang='lat' dir='ltr'>mus</span> <span class='ocrx_word' id='word_1_221' title='bbox 280 3428 311 3491; x_wconf 91' lang='lat' dir='ltr'>in</span> <span class='ocrx_word' id='word_1_222' title='bbox 333 3426 486 3508; x_wconf 83' lang='lat' dir='ltr'>Antiphili</span> <span class='ocrx_word' id='word_1_223' title='bbox 511 3427 652 3491; x_wconf 89' lang='lat' dir='ltr'>carmine</span> <span class='ocrx_word' id='word_1_224' title='bbox 675 3427 761 3507; x_wconf 81' lang='lat'><strong>(176)</strong></span> <span class='ocrx_word' id='word_1_225' title='bbox 783 3429 870 3492; x_wconf 89' lang='lat' dir='ltr'>cuius</span> <span class='ocrx_word' id='word_1_226' title='bbox 893 3449 922 3492; x_wconf 86' lang='lat' dir='ltr'>v.</span> <span class='ocrx_word' id='word_1_227' title='bbox 945 3432 964 3493; x_wconf 88' lang='lat'>5</span> <span class='ocrx_word' id='word_1_228' title='bbox 986 3450 1073 3495; x_wconf 91' lang='lat' dir='ltr'>mors</span> <span class='ocrx_word' id='word_1_229' title='bbox 1094 3437 1227 3497; x_wconf 87' lang='lat' dir='ltr'>vocatur</span> 
     </span>
    </p>
   </div>
   <div class='ocr_carea' id='block_1_8' title="bbox 183 3543 1086 3921">
    <p class='ocr_par' dir='ltr' id='par_1_9' title="bbox 183 3543 1083 3725">
     <span class='ocr_line' id='line_1_32' title="bbox 183 3543 1083 3626; baseline 0.008 -24"><span class='ocrx_word' id='word_1_230' title='bbox 183 3545 289 3604; x_wconf 77' lang='grc' dir='ltr'><strong><em>κακῶν</em></strong></span> <span class='ocrx_word' id='word_1_231' title='bbox 311 3543 410 3620; x_wconf 81' lang='grc' dir='ltr'><strong><em>λύσις,</em></strong></span> <span class='ocrx_word' id='word_1_232' title='bbox 434 3547 464 3606; x_wconf 86' lang='lat' dir='ltr'>et</span> <span class='ocrx_word' id='word_1_233' title='bbox 486 3563 513 3607; x_wconf 88' lang='lat' dir='ltr'>c.</span> <span class='ocrx_word' id='word_1_234' title='bbox 536 3544 605 3607; x_wconf 85' lang='lat'>383.</span> <span class='ocrx_word' id='word_1_235' title='bbox 621 3545 688 3615; x_wconf 82' lang='lat' dir='ltr'>8t9:</span> <span class='ocrx_word' id='word_1_236' title='bbox 795 3546 859 3626; x_wconf 80' lang='grc' dir='ltr'>φεῦ</span> <span class='ocrx_word' id='word_1_237' title='bbox 880 3551 1083 3626; x_wconf 76' lang='grc' dir='ltr'><strong><em>μακαριστοί,</em></strong></span> 
     </span>
     <span class='ocr_line' id='line_1_33' title="bbox 419 3637 1048 3725; baseline 0.006 -23"><span class='ocrx_word' id='word_1_238' title='bbox 419 3637 514 3705; x_wconf 82' lang='grc' dir='ltr'><strong><em>ὅσσοι</em></strong></span> <span class='ocrx_word' id='word_1_239' title='bbox 533 3642 593 3704; x_wconf 78' lang='grc' dir='ltr'><strong><em>α’π’</em></strong></span> <span class='ocrx_word' id='word_1_240' title='bbox 617 3641 742 3704; x_wconf 69' lang='grc' dir='ltr'><strong><em>ὠδίνων</em></strong></span> <span class='ocrx_word' id='word_1_241' title='bbox 764 3641 820 3703; x_wconf 80' lang='grc' dir='ltr'>οὐκ</span> <span class='ocrx_word' id='word_1_242' title='bbox 843 3641 914 3704; x_wconf 80' lang='grc' dir='ltr'><strong><em>ἴδον</em></strong></span> <span class='ocrx_word' id='word_1_243' title='bbox 933 3642 1048 3725; x_wconf 75' lang='grc' dir='ltr'><strong><em>ἠέλιον.</em></strong></span> 
     </span>
    </p>

    <p class='ocr_par' dir='ltr' id='par_1_10' title="bbox 183 3740 1086 3921">
     <span class='ocr_line' id='line_1_34' title="bbox 183 3740 1013 3820; baseline -0.001 -17"><span class='ocrx_word' id='word_1_244' title='bbox 183 3741 215 3803; x_wconf 80' lang='lat' dir='ltr'>et</span> <span class='ocrx_word' id='word_1_245' title='bbox 233 3759 259 3802; x_wconf 81' lang='lat' dir='ltr'>e.</span> <span class='ocrx_word' id='word_1_246' title='bbox 284 3740 355 3803; x_wconf 74' lang='lat'>481.</span> <span class='ocrx_word' id='word_1_247' title='bbox 370 3741 437 3812; x_wconf 69' lang='lat' dir='ltr'>att:</span> <span class='ocrx_word' id='word_1_248' title='bbox 788 3740 879 3820; x_wconf 85' lang='grc' dir='ltr'><strong><em>ἴσχεο</em></strong></span> <span class='ocrx_word' id='word_1_249' title='bbox 896 3740 1013 3820; x_wconf 78' lang='grc' dir='ltr'><strong><em>λύπας,</em></strong></span> 
     </span>
     <span class='ocr_line' id='line_1_35' title="bbox 418 3837 1086 3921; baseline 0.003 -17"><span class='ocrx_word' id='word_1_250' title='bbox 418 3837 581 3917; x_wconf 66' lang='lat' dir='ltr'>uetitus,</span> <span class='ocrx_word' id='word_1_251' title='bbox 603 3838 725 3901; x_wconf 73' lang='grc' dir='ltr'><strong><em>θνατοὶ</em></strong></span> <span class='ocrx_word' id='word_1_252' title='bbox 742 3839 882 3904; x_wconf 87' lang='grc' dir='ltr'><strong><em>πολλάκι</em></strong></span> <span class='ocrx_word' id='word_1_253' title='bbox 903 3841 1086 3921; x_wconf 78' lang='grc' dir='ltr'><strong><em>δνστνχέες.</em></strong></span> 
     </span>
    </p>
   </div>
   <div class='ocr_carea' id='block_1_9' title="bbox 184 3935 473 4010">
    <p class='ocr_par' dir='ltr' id='par_1_11' title="bbox 184 3935 473 4010">
     <span class='ocr_line' id='line_1_36' title="bbox 184 3935 473 4010; baseline 0.007 -11"><span class='ocrx_word' id='word_1_254' title='bbox 184 3940 215 3999; x_wconf 90' lang='lat' dir='ltr'>et</span> <span class='ocrx_word' id='word_1_255' title='bbox 238 3955 265 3999; x_wconf 87' lang='lat' dir='ltr'>c.</span> <span class='ocrx_word' id='word_1_256' title='bbox 291 3935 361 4000; x_wconf 76' lang='lat'>574.</span> <span class='ocrx_word' id='word_1_257' title='bbox 384 3937 473 4010; x_wconf 63' lang='lat'>9110:</span> 
     </span>
    </p>
   </div>
   <div class='ocr_carea' id='block_1_10' title="bbox 400 4025 1214 4120">
    <p class='ocr_par' dir='ltr' id='par_1_12' title="bbox 400 4025 1214 4120">
     <span class='ocr_line' id='line_1_37' title="bbox 400 4025 1214 4120; baseline 0.001 -21"><span class='ocrx_word' id='word_1_258' title='bbox 400 4039 507 4119; x_wconf 77' lang='grc' dir='ltr'><strong><em>ἔμπης</em></strong></span> <span class='ocrx_word' id='word_1_259' title='bbox 527 4031 635 4115; x_wconf 75' lang='grc' dir='ltr'><strong><em>ὄλβιος</em></strong></span> <span class='ocrx_word' id='word_1_260' title='bbox 659 4025 754 4110; x_wconf 72' lang='grc' dir='ltr'><strong><em>οὗτος</em></strong></span> <span class='ocrx_word' id='word_1_261' title='bbox 775 4036 808 4109; x_wconf 84' lang='grc' dir='ltr'>ὃς</span> <span class='ocrx_word' id='word_1_262' title='bbox 830 4041 866 4101; x_wconf 84' lang='grc' dir='ltr'>ἐν</span> <span class='ocrx_word' id='word_1_263' title='bbox 882 4037 1010 4119; x_wconf 72' lang='grc' dir='ltr'><strong><em>νεότητι</em></strong></span> <span class='ocrx_word' id='word_1_264' title='bbox 1031 4039 1214 4120; x_wconf 69' lang='grc' dir='ltr'><strong><em>μαρανθεὶς</em></strong></span> 
     </span>
    </p>
   </div>
   <div class='ocr_carea' id='block_1_11' title="bbox 0 0 1478 4734">
    <p class='ocr_par' dir='ltr' id='par_1_13' title="bbox 0 0 1478 4734">
     <span class='ocr_line' id='line_1_38' title="bbox 0 0 1478 4734; baseline 0 1"><span class='ocrx_word' id='word_1_265' title='bbox 0 0 1478 4734; x_wconf 95' lang='lat' dir='ltr'> </span> 
     </span>
    </p>
   </div>
  </div>
 </body>
</html>
