2946 4734
700 213 742 280 54

236 388 288 455 De
311 388 434 455 comico
457 391 572 453 autem
602 390 705 473 poeta
733 410 807 453 cum
836 390 908 452 tam
931 385 1071 453 subtilia
1101 408 1171 452 non
1202 385 1298 471 inve-

147 497 301 577 niantur,
335 499 449 561 tamen
478 492 668 559 adhibenda
696 493 776 559 haec
797 490 950 559 Euanthi
971 491 1073 558 1115
1108 490 1200 573 ,haec
1222 512 1296 557 cum

149 598 428 667 artificiosissime
452 598 529 663 Ter.
566 598 706 674 fecerit,
738 601 811 664 tum
839 597 926 664 illud
966 600 1019 664 est
1050 594 1294 677 admirandum,

149 705 240 792 quod
263 707 299 771 et
321 726 445 770 morem
469 702 624 785 retinuit,
661 708 699 770 ut
723 703 925 770 comoediam
952 703 1117 769 scriberet
1140 710 1176 768 et
1199 705 1295 768 tern-

149 802 330 899 peravit
353 809 580 890 affectum,
605 831 654 874 ne
676 809 719 874 in
741 808 1013 895 tragoediam
1035 807 1296 875 transiliret

151 967 208 980 ...
232 914 319 980 illud
339 937 470 1002 quoque
494 913 586 980 inter
604 912 827 980 Terentianae
843 913 993 980 virtutes
1017 911 1184 996 mirabile,
1208 911 1297 1000 quod

151 1019 223 1086 eius
248 1019 383 1085 fabulae
407 1042 446 1085 eo
470 1022 550 1085 sunt
565 1022 842 1105 temperamento,
867 1022 907 1084 ut
929 1040 1064 1105 neque.
1088 1020 1295 1085 extumes-

150 1129 251 1191 cant
287 1125 336 1191 ad
381 1124 598 1210 tragicam
647 1123 955 1190 celsitudinem
992 1146 1129 1211 neque
1166 1123 1295 1191 abici·
1349 1176 1352 1182 .

150 1233 280 1296 antur
314 1229 364 1295 ad
399 1229 608 1312 mimicam
637 1229 871 1295 vilitatem‘
904 1232 941 1296 et
963 1229 1060 1295 1V2
1091 1229 1192 1306 ,inter
1222 1232 1296 1296 tra-

149 1334 304 1421 goediam
335 1358 408 1401 cum
437 1335 545 1400 multa
579 1338 651 1400 tum
683 1335 847 1420 imprimis
876 1334 940 1401 hoc
969 1335 1094 1416 distat,
1130 1335 1220 1422 quod
1253 1335 1295 1401 in

151 1439 384 1506 comoediis
410 1439 648 1506 mediocres
672 1441 884 1506 fortunae
906 1439 1136 1522 hominum,
1167 1440 1296 1527 parvi

150 1544 340 1633 impetus
363 1544 679 1631 periculorum
702 1545 853 1632 laetique
877 1549 957 1611 sunt
980 1544 1091 1612 exitus
1115 1545 1294 1627 actionum,

150 1653 188 1715 at
219 1651 255 1715 in
286 1650 466 1735 tragoedia
496 1651 606 1716 omnia
636 1654 771 1733 contra,
806 1652 1023 1737 ingentes
1056 1672 1294 1738 personae,

149 1756 302 1842 magni
325 1756 538 1838 timoreS,
563 1756 676 1822 exitus
699 1757 829 1823 funesti
851 1755 1044 1822 habentur.
1063 1807 1069 1820 .
1088 1807 1094 1823 .
1112 1765 1184 1822 tum
1207 1756 1296 1844 quod

150 1859 192 1924 in
225 1862 474 1948 tragoedia
507 1862 729 1947 fugienda
752 1862 870 1944 vita,
905 1862 949 1927 in
983 1860 1295 1928 comoediaca-

150 1968 371 2052 pessenda
395 1968 693 2054 exprimitur‘,
718 1967 761 2033 ad
777 1988 862 2053 quae
877 1966 1066 2032 addendum
1082 1965 1184 2032 schol.
1209 1965 1294 2031 Eun.

151 2073 255 2137 4461
281 2096 383 2160 supra
406 2074 619 2159 exscriptum,
643 2073 679 2137 in
702 2096 766 2158 quo
791 2079 885 2139 certa
900 2072 1017 2138 fabula
1032 2075 1190 2158 respecta
1204 2071 1295 2138 inter

150 2178 362 2265 tragoediam
406 2181 441 2244 et
486 2178 689 2245 comoediam
736 2177 915 2244 discrimen
955 2177 1127 2243 indicatur
1163 2177 1295 2244 demon·

152 2287 351 2370 straturque
375 2283 578 2350 comoediam
593 2269 668 2348 fieri
683 2283 896 2369 tragoediam
919 2283 968 2370 (et
990 2281 1146 2368 invicem)
1169 2303 1297 2347 morum

152 2388 344 2453 oeconomia
367 2387 470 2453 aliter
493 2388 663 2454 instituta.
784 2448 793 2463 ,

237 2493 398 2558 Alterum
421 2494 511 2579 quod
534 2498 645 2559 restat
669 2498 705 2560 et
728 2518 792 2580 quo
816 2494 851 2559 in
867 2493 1093 2580 ethographia
1115 2494 1296 2563 tractanda

152 2598 235 2664 satis
258 2598 501 2684 provehemur,
538 2599 589 2663 his
621 2599 754 2665 scholiis
787 2600 883 2666 nobis
917 2598 1171 2686 suppeditatur:
1211 2599 1295 2665 Eun.

152 2704 259 2768 301.5
292 2704 355 2786 ,hic
388 2705 580 2770 ostenditur
611 2704 677 2770 iam
709 2706 839 2791 pridem
861 2709 973 2771 motus
1003 2705 1039 2770 in
1062 2727 1117 2771 res
1141 2705 1295 2772 venerias

151 2808 313 2886 Chaerea,
339 2813 373 2875 et
397 2832 554 2896 magna
576 2814 744 2897 poetae
768 2833 878 2876 cura
902 2822 992 2893 est,
1026 2833 1078 2876 ne
1101 2809 1296 2877 incredi-

151 2914 247 2980 bile
272 2915 494 2980 videatur
519 2915 817 2996 adulescentulum,
843 2915 901 3001 qui
922 2938 986 3001 pro
1010 2914 1160 2980 eunucho
1177 2912 1297 2980 deduci

150 3021 313 3106 potuerit,
337 3024 408 3086 tam
432 3021 589 3106 expedite
618 3020 784 3107 virginem
804 3020 955 3086 vitiasse.
990 3020 1147 3106 quocirca
1170 3019 1297 3086 artifex

153 3126 433 3211 summusquod
456 3126 909 3213 aetatinonpotest,
934 3129 1137 3191 naturae
1160 3123 1296 3191 attri-

151 3229 538 3312 buitChaereae,
575 3235 614 3297 ut
648 3232 790 3298 calidior
826 3231 961 3316 ingenio
1001 3236 1036 3297 et
1073 3234 1154 3297 ante
1192 3252 1296 3297 annos

152 3339 284 3401 amator
318 3358 383 3400 non
415 3336 587 3403 libidinem
619 3337 654 3401 in
686 3360 758 3402 sese
789 3337 847 3402 sed
870 3336 1037 3422 quandam
1060 3335 1189 3402 rabiem
1211 3334 1297 3402 desi·

152 3441 310 3523 gnaverit
326 3441 360 3504 in
377 3441 531 3506 venerios
550 3441 744 3528 appetitus‘,
770 3442 877 3506 2962
902 3444 1016 3524 ,πρὸς
1039 3443 1084 3506 τὸ
1107 3442 1298 3505 πιθανὸν

152 3550 510 3630 argumentatus
544 3550 614 3611 est
647 3551 686 3612 ut
710 3546 905 3612 ostenderet
939 3546 1025 3612 hunc
1047 3543 1209 3630 grandem
1231 3544 1298 3611 iam

153 3651 316 3737 ephebum
357 3651 461 3716 etiam
499 3652 622 3717 amoris
663 3655 836 3738 expertem
875 3675 942 3717 non
979 3651 1105 3716 fuisse‘.
1169 3649 1298 3732 Quibus

154 3755 288 3822 scholiis
323 3756 469 3821 dilucide
507 3779 596 3821 nova
633 3756 796 3843 quaedam
834 3757 890 3821 lex
927 3768 1047 3843 poetae
1086 3755 1299 3822 observanda

152 3861 329 3946 proditur,
366 3883 452 3948 quae
484 3862 550 3926 iam
579 3884 682 3947 supra
704 3862 781 3927 hinc
805 3861 898 3927 illinc
920 3861 1017 3947 quasi
1040 3860 1194 3942 emersit,
1228 3859 1297 3927 scil.

154 3964 194 4030 de
218 3987 437 4051 personarum
460 3969 609 4033 veritate
638 3991 711 4033 cum
736 3967 945 4033 oeconomiae
967 3966 1099 4052 legibus
1132 3988 1171 4031 ac
1199 3987 1299 4053 prae-

154 4071 261 4157 ceptis
286 4073 502 4139 concilianda.
563 4072 655 4154 Quae
679 4095 732 4137 res
759 4072 918 4156 flagitare
940 4072 1088 4151 videtur,
1111 4075 1152 4137 ut
1175 4071 1300 4137 nonin

152 4175 215 4241 hac
239 4177 297 4241 sed
321 4177 355 4242 in
378 4186 477 4264 parte
497 4200 585 4243 nunc
601 4178 783 4243 tractanda
806 4177 847 4242 de
870 4176 1005 4242 scholiis
1028 4176 1126 4243 modo
1149 4175 1299 4243 enotatis

154 4304 302 4366 agamus.
