2946 4734
632 320 838 384 „gp-

149 500 320 579 argentum
345 497 467 561 afferat.
518 499 640 563 Audias
663 501 747 563 enim
768 499 881 564 matris
909 503 941 564 et
962 499 1047 564 filiae
1068 499 1264 582 colloquium
1287 502 1316 566 in

147 598 279 662 Luclani
295 597 368 660 dial.
385 617 462 661 mer.
484 598 559 661 Vlt
581 599 736 677 Κόρινϊα;
761 598 836 661 εἰπέ
856 623 920 678 μοι,
944 602 968 660 ὠ
990 604 1103 682 μῆτερ,
1125 599 1156 661 οἱ
1177 600 1318 679 μισθού-

147 720 239 777 μενοι
268 694 392 768 πάντες
422 699 566 758 τοιοῦτοί
594 697 676 760 εἰσιν
705 690 771 771 οἷος
801 698 820 761 ὅ
850 694 1019 778 Εὔκριτος,
1056 700 1136 779 μεθ’
1165 688 1206 763 οὗ
1239 706 1320 781 χθὲς

149 795 353 872 &accidendum
383 794 556 878 Κρωβύλῳ
589 797 627 858 οὐ
650 798 781 875 πάντες,
812 799 882 860 ἄλλ’
904 800 981 860 ἔνιοι
1002 803 1064 879 μὲν
1085 799 1257 881 α’μειίὀιις,
1291 799 1320 865 οἱ

149 897 255 959 δὲκαὶ
271 892 334 977 ἤδη
351 892 539 974 detondere,
563 895 594 957 oi
611 898 716 959 δὲκαὶ
733 898 772 960 oti
788 896 878 960 πάνυ
890 902 1017 981 μορφῆς
1032 898 1159 981 &ilpunc
1182 903 1317 980 ἔχοντες.

151 1003 241 1077 Κορ.;
269 996 322 1056 καὶ
344 991 509 1067 τοιούτους
532 995 771 1075 συγκαθεύδειν
794 995 924 1083 δεήσει,·
955 1005 1078 1079 [ipsulm
1108 998 1266 1081 μάλιστα,
1296 995 1320 1062 oi

151 1095 305 1175 θύγατερ·
329 1083 419 1157 οὗτοι
441 1105 552 1173 μέντοι
565 1083 619 1157 καὶ
637 1098 774 1159 πλείονα
793 1098 952 1162 διδόασιν.
997 1100 1194 1181 Congruenti
1211 1107 1318 1167 aulem

150 1197 274 1262 ratione
305 1196 382 1259 dicit
411 1195 638 1275 Phronesium,
673 1219 757 1279 quae
786 1200 819 1262 in
848 1199 953 1263 Plauti
983 1200 1180 1265 Truculento
1208 1202 1319 1265 rudem

151 1299 238 1362 illum
263 1297 404 1377 quidem,
428 1295 484 1358 sed
507 1296 633 1377 largum
656 1299 830 1378 agricolam
852 1298 1056 1381 amplectitur
1070 1321 1100 1364 ν.
1112 1302 1176 1366 934
1196 1301 1320 1384 ‘quam-

151 1418 249 1480 quam
269 1397 322 1460 hic
343 1397 464 1474 horret,
487 1397 584 1460 scitus
607 1403 638 1460 et
660 1398 776 1461 bellust
797 1398 895 1461 mihi’.

151 1499 217 1562 lam
256 1516 332 1560 vero
364 1495 477 1558 eodem
515 1497 652 1560 tendunt
685 1502 859 1579 praecepta
889 1498 1034 1562 lanarum
1065 1501 1154 1583 apud
1182 1501 1320 1583 Proper·

151 1599 232 1662 tium
253 1602 285 1661 et
306 1596 474 1660 Ovidium:
1030 1609 1033 1612 ⁴

186 1715 265 1781 Prop.
285 1711 320 1763 lV
340 1711 364 1774 5,
374 1711 408 1764 49
418 1727 477 1777 sqq.
908 1750 911 1755 ,

343 1810 394 1850 nec
411 1794 464 1848 tibi
481 1794 626 1864 displiceat
643 1795 722 1848 miles
740 1813 795 1849 non
813 1796 903 1850 factus
922 1795 1019 1864 amori,

413 1885 500 1935 nauta
517 1898 567 1935 nec
585 1882 683 1935 attrita
700 1883 722 1934 si
741 1883 813 1937 ferat
831 1900 896 1937 aera
914 1900 1007 1946 manu,

347 1972 396 2022 aut
414 1985 530 2036 quorum
549 1968 647 2021 titulus
665 1986 714 2038 per
732 1969 851 2024 barbara
868 1970 939 2024 collo
958 1967 1097 2038 pependit,

414 2052 513 2108 caelati
533 2052 622 2106 medio
641 2071 703 2107 cum
722 2053 818 2108 saliere
837 2055 904 2109 foro.

345 2157 449 2195 aurum·
461 2143 592 2210 spectat0,
613 2158 667 2193 non
687 2159 758 2209 quac
776 2160 872 2195 manus
893 2141 993 2196 afferat
1010 2159 1118 2196 aurum.

190 2245 268 2300 Ovid.
290 2263 374 2300 amor.
396 2246 407 2296 Ι
425 2244 449 2307 8,
460 2244 493 2296 63
508 2261 546 2310 sq.

349 2348 398 2386 nec
416 2334 456 2394 tu,
474 2329 558 2397 siquis
577 2328 628 2382 erit
647 2329 744 2397 capitis
765 2329 886 2383 mercede
905 2329 1070 2399 redemptus,

417 2416 537 2486 despice:
562 2415 674 2485 gypsati
692 2415 795 2469 crimen
814 2415 897 2469 inane
914 2414 997 2484 pedis.

189 2520 267 2574 ovid.
287 2525 339 2575 art.
359 2521 451 2573 11276

415 2604 563 2659 dummodo
582 2602 618 2656 sit
636 2601 724 2663 dives,
746 2600 878 2653 barbarus
895 2599 952 2670 ipse
970 2601 1067 2669 placat.

155 2712 353 2789 Quibuscum
389 2712 510 2792 optime
543 2708 756 2782 concordant,
790 2725 873 2786 quae
905 2706 938 2768 in
970 2705 1156 2768 Philostrati
1188 2705 1322 2787 epistula

155 2813 324 2875 XXXVIII
346 2811 496 2892 legimus:
530 2805 736 2887 μισθώματα
767 2803 956 2886 λαμβάνεις.
995 2806 1048 2865 καὶ
1076 2802 1139 2885 γαρ
1166 2799 1324 2886 ἡΔανάη

155 2911 287 2992 χρυσόν·
311 2912 365 2972 καὶ
385 2907 569 2992 στεφάνους
586 2908 674 2988 δέχῃ·
698 2908 795 2966 τοῦτο
810 2909 871 2982 μὲν
886 2904 940 2964 καὶ
950 2901 1130 2986 ’Ἁρτεμιςὴ
1147 2907 1322 2983 παρθένος·

157 3013 210 3074 καὶ
242 3015 388 3092 γεωργοῖς
421 3017 571 3088 παρέχεις
605 3003 764 3086 σεαυτήν·
799 3004 819 3086 ἡ
842 3004 870 3065 δ’
902 3005 1008 3085 Ἑλένη
1041 3003 1095 3065 καὶ
1119 3012 1255 3083 ποιμέσι
1274 3001 1325 3063 καὶ

157 3113 364 3191 κιθαρῳδοῖς·
387 3111 470 3192 μηδὲ
486 3108 611 3171 δούλων
628 3104 883 3187 καταφρονήσῃς,
907 3101 961 3165 ἵνα
983 3101 1045 3166 noir·
1062 3103 1118 3165 dcci
1133 3104 1173 3165 σὲ
1188 3101 1325 3165 δοκῶσιν

158 3211 337 3290 ἐλεύθεροι.
371 3210 454 3272 a'ttd
478 3209 561 3288 μηδὲ
593 3209 721 3268 ναοτοῖν
744 3226 808 3287 eqS.
852 3205 958 3282 Quam
985 3206 1027 3268 ob
1057 3224 1126 3268 rem
1148 3202 1228 3268 talia
1249 3220 1325 3284 quo·

159 3333 222 3393 que
237 3334 273 3374 ox
290 3310 462 3374 comoediis
484 3308 598 3371 Atticis
622 3307 664 3369 ad
685 3307 850 3369 Romanos
871 3305 1054 3386 pervenisse
1078 3302 1249 3368 verisimile
1270 3304 1324 3365 est.

241 3430 323 3491 Tum
356 3429 386 3490 in
418 3427 523 3489 Plauti
556 3425 750 3488 Truculento
781 3425 956 3504 interrogat
984 3424 1073 3486 miles
1106 3422 1325 3496 Phronesium,

160 3549 245 3610 quae
267 3548 339 3591 cum
365 3529 480 3607 agresti
508 3528 621 3588 iuvene
642 3529 781 3590 accubat
802 3547 831 3588 v.
851 3527 911 3589 933

230 3628 348 3682 huncine
365 3626 504 3681 hominem
522 3630 550 3678 te
566 3626 718 3693 amplexari
735 3629 793 3679 tam
814 3624 955 3678 horridum
974 3641 1006 3677 ac
1024 3626 1082 3676 tam
1100 3618 1280 3690 squalidum?

161 3734 294 3797 Ovidius
316 3752 391 3794 vero
421 3731 532 3793 iisdem
565 3731 628 3793 fere
652 3731 757 3794 verbis
780 3730 954 3793 Corinnam
979 3729 1158 3809 vituperat,
1191 3744 1278 3809 quae
1296 3742 1328 3787 sc

161 3834 258 3914 equiti
283 3832 370 3895 dedit
394 3850 494 3893 amor.
515 3832 559 3893 lll
583 3832 612 3906 8,
629 3832 662 3892 11
681 3851 728 3911 sq.

356 3930 428 3982 hunc
448 3932 524 3997 potes
543 3928 670 3997 amplecti
690 3927 822 3988 formosis,
843 3927 909 3994 vita,
928 3924 1056 3979 lacertis?

427 4014 508 4067 huius
527 4015 555 4066 in
574 4016 709 4083 amplexu,
729 4013 795 4082 vita,
816 4013 903 4068 iacere
921 4012 1020 4083 potes?

246 4123 352 4185 Etiam
385 4121 424 4183 de
454 4121 593 4183 simulati
625 4121 743 4183 amoris
771 4121 908 4184 utilitate
931 4119 1080 4183 convenit
1101 4116 1209 4181 Ovidii
1230 4134 1331 4181 mere-
