2946 4734
604 249 821 319 -51...

127 430 225 494 LVII
266 430 337 496 cod.
363 433 416 496 34.
452 432 475 495 f.
514 435 569 497 17:
614 426 692 515 περὶ
731 424 834 492 νόνιον
874 428 909 493 έν,
949 433 1012 493 τῶν
1058 435 1297 517 Χοιροβοοκοῦ,

127 538 327 628 ΑἰθεριόοῙ)
367 541 422 607 καί
469 539 595 631 ἑτέραν.
665 549 742 613 Mea
781 550 951 614 sententia
990 572 1070 614 vero
1110 557 1161 614 est
1202 551 1296 615 haec:
1359 555 1363 562 '

126 663 252 726 iniuria
281 670 382 747 atque
420 664 505 727 false
534 656 687 745 αἰθέριος
716 657 942 747 γραμματικὸς
967 666 1191 731 Choerobosoi
1220 689 1296 751 cog·

126 800 249 842 nomen
284 801 357 843 esse
392 779 502 842 adhuc
536 780 603 845 viri
639 780 740 864 docti,
777 782 880 845 etiam
919 781 1128 865 PEgenolff,
1165 783 1296 867 opinati

126 901 213 958 sunt
259 894 367 958 Immo
391 918 471 959 vero
497 894 626 961 duobus
650 918 783 982 quoque
812 898 881 961 iliis
911 898 992 962 locis
1017 899 1053 962 in
1078 898 1297 964 adnotatione

126 1011 237 1074 allatis
261 1010 419 1074 Aetherii
453 1012 667 1097 grammatici
698 1013 871 1077 cuiusdam
902 1035 1024 1078 nomen
1049 1015 1296 1079 restituendum

126 1149 197 1190 esse
222 1149 351 1191 censeo
399 1127 511 1210 Unde,
537 1149 671 1212 quaeso,
699 1129 766 1193 viri
790 1130 840 1193 iili
872 1130 1060 1194 doctissimi
1089 1131 1295 1195 Choerobos-

126 1264 201 1306 cum
236 1235 388 1324 αἰθέριον
416 1235 640 1325 γραμματικὸν
674 1245 886 1310 nominatum
922 1268 994 1310 esse
1035 1247 1167 1311 sciunt?
1218 1248 1296 1312 Etsi

125 1359 232 1422 multa
296 1361 456 1445 variaque
512 1361 712 1443 cognomina
763 1362 912 1445 Georgio
968 1363 1019 1426 illi
1073 1365 1294 1446 grammatico

124 1483 258 1558 praeter
295 1475 510 1539 notissimum
545 1469 773 1559 Χοιροβοσκὸς
819 1476 936 1542 addita
974 1488 1068 1561 sunt,
1108 1488 1146 1542 ut
1183 1473 1293 1559 μέγας,

125 1582 277 1667 ιοχνικός,
312 1582 500 1666 Βοζαίιτιος,
523 1584 741 1676 χαρνοφιίλαξ,
767 1585 928 1670 ιίιοίκονος,
955 1586 1178 1672 οἰκοι,’μενικὸς
1199 1586 1293 1654 dadd-

125 1702 275 1786 οκαλοςῖ)
321 1729 487 1791 nusquam
530 1715 655 1787 tamen,
703 1717 867 1794 quantum
907 1711 1063 1796 equidem
1103 1712 1181 1794 scie,
1231 1735 1293 1775 nec

126 1822 377 1887 Choeroboscus
411 1815 562 1906 αἰθέριος
596 1817 821 1905 γραμματικὸς
859 1826 1049 1910 appellatus
1090 1835 1141 1890 est
1184 1850 1294 1911 neque

124 1939 209 2002 alius
249 1940 489 2022 grammaticus
530 1941 688 2005 Graecus.
740 1942 835 2006 Nihil
868 1943 974 2025 igitur
1009 1942 1175 2027 impedire
1208 1944 1291 2006 mihi

123 2054 269 2135 videtur,
319 2056 498 2141 quominus
544 2056 612 2120 iilis
654 2064 812 2141 quattuor
853 2057 935 2121 locis
980 2059 1151 2121 neminem
1190 2058 1291 2122 alium

123 2172 190 2234 nisi
234 2171 473 2237 Aetherium
517 2173 822 2256 grammaticum
870 2173 1045 2237 laudatum
1076 2195 1176 2250 esse,
1225 2175 1293 2259 qui

123 2287 168 2350 de
209 2288 426 2370 spiritibus
477 2294 596 2372 atque
644 2288 937 2373 orthographia
987 2289 1202 2374 scripserit
1248 2298 1291 2372 et,

122 2403 210 2486 quod
244 2426 312 2467 una
347 2426 422 2468 oum
460 2403 691 2469 Choerobosco
727 2404 984 2489 Philoponoque
1020 2406 1171 2484 affertur,
1208 2406 1290 2469 for-

121 2527 228 2582 tasse
257 2527 368 2584 sexto
392 2543 424 2605 p.
451 2520 540 2584 Ohr.
577 2543 609 2584 n.
647 2520 807 2584 saeculo
840 2520 1038 2602 floruerit,
1076 2521 1290 2585 coniciamus

121 2635 220 2698 Nunc
254 2635 429 2700 redeamus
464 2636 506 2699 ad
542 2637 729 2701 indiculum
767 2645 928 2700 nostrum.
993 2636 1078 2700 Oum
1115 2659 1196 2701 uero
1236 2636 1291 2700 hic

122 2751 302 2815 Aetherius
317 2752 541 2836 Apameensis
565 2752 606 2816 ab
631 2753 689 2816 iilo
703 2752 867 2816 Aetherio
890 2753 1111 2834 grammatico
1136 2751 1289 2816 diversus

121 2888 285 2931 essenon
310 2868 474 2949 uideatur,
512 2868 677 2932 etabella
712 2874 827 2932 nostra
852 2867 1008 2949 efficitur,
1047 2873 1085 2930 ut
1108 2867 1291 2932 Aetherius

122 2984 361 3064 grammaticus
385 2984 559 3069 Apamea
583 2983 749 3068 quadam
774 2990 885 3048 ortus
909 2982 999 3046 idem
1027 2981 1072 3046 de
1098 2982 1290 3067 ancipiti·

122 3096 191 3161 bus
208 3099 392 3173 (vocalibus
409 3099 603 3184 syllabisve)
621 3099 815 3164 tractarit
832 3107 875 3182 et,
893 3100 922 3162 si
938 3106 976 3162 ut
993 3098 1027 3162 in
1046 3099 1121 3161 aliis
1138 3096 1289 3162 eiusdem

121 3213 188 3277 tab.
213 3215 248 3277 M
272 3215 441 3280 indicibus
476 3215 512 3279 in
548 3216 609 3280 hoo
645 3237 776 3300 quoque
814 3224 1003 3299 temporum
1040 3213 1191 3277 ordinem
1222 3236 1288 3278 ser-

122 3337 238 3393 vatum
274 3338 445 3415 putemne,
482 3333 622 3417 quinto
654 3355 686 3415 p.
724 3332 809 3395 Chr.
846 3354 879 3394 n.
920 3330 1077 3394 saeculo
1118 3337 1289 3394 exeunte

120 3447 278 3510 vixerit.
327 3447 394 3511 Cur
429 3457 556 3532 autem,
592 3455 682 3512 recte
719 3447 886 3531 quispiam
921 3454 1069 3530 quaerat,
1107 3444 1290 3509 Aetherius

122 3554 389 3641 γραμματικὸς
405 3564 603 3648 appellatur,
627 3562 716 3648 quod
735 3583 923 3646 cognomen
940 3564 975 3625 in
992 3561 1287 3644 grammaticorum

121 3679 373 3742 enumeratione
409 3701 544 3763 prorsus
586 3699 872 3764 supervacaneum
908 3676 1043 3741 videtur
1082 3677 1175 3739 esse?
1242 3676 1290 3738 At

119 3795 262 3857 fortasse
301 3816 437 3858 necesse
477 3801 561 3877 erat,
601 3794 800 3857 Aetherium
846 3793 1104 3876 grammaticum
1143 3790 1183 3854 ab
1223 3791 1288 3853 alio

119 3909 270 3973 eiusdem
299 3911 446 3974 nominis
482 3909 701 3993 eiusdemque
726 3909 847 3972 aetatis
872 3908 1029 3970 discerni.
1078 3907 1288 3989 Quamquam

229 4096 252 4151 l]
275 4093 466 4164 Χοιροβοοκοῡ
476 4098 620 4162 Audacter,
632 4110 637 4121 ·
650 4110 655 4121 ·
670 4091 703 4144 do
717 4090 871 4144 accentibus
882 4107 914 4141 ex
926 4088 1104 4141 Chooiobosci
1117 4087 1248 4149 nothoni,
1263 4105 1269 4115 ·
1282 4105 1287 4115 ·

119 4183 176 4235 sine
186 4182 486 4251 interponet.Bandini:
500 4181 693 4253 Χοιροβοσκοῦ
704 4177 1104 4251 αἰθερίου<γραμμανικοο>
1116 4194 1122 4205 ·
1135 4194 1141 4204 ·
1152 4175 1287 4242 Egcnolfi.

118 4272 134 4323 l.
149 4271 166 4323 l.
188 4304 216 4311 -
240 4273 265 4336 2)
286 4273 353 4325 (ror
369 4272 411 4324 lv
424 4290 450 4340 p.
464 4271 663 4323 LXI--LXIL

1130 4372 1160 4422 4*
