2946 4734
672 246 891 309 ..48„.

196 444 237 485 zu
254 423 390 487 suchen.
432 423 478 486 Es
494 422 589 506 giebt
607 425 648 487 10
665 413 855 505 προσῳδίαι
873 415 929 483 καὶ
947 411 983 483 οὐ
1001 412 1137 495 πλείους
1152 408 1174 507 ἥ
1195 408 1367 497 ε’λσὶσσσας,

196 538 273 602 weil
299 542 340 603 10
357 536 412 602 die
427 538 621 604 vollendeto
636 538 721 602 Zahl
739 540 784 602 ist
800 538 888 603 nach
904 538 1204 622 pythagoretscher
1220 536 1369 603 Ansicht

195 654 265 718 und
290 654 518 739 Etymologie,
548 653 629 719 oder
652 655 729 718 weil
753 655 816 718 wir
841 658 882 719 10
912 654 1018 719 Sinne
1046 654 1165 739 haben,
1191 644 1369 739 αἰσθήσεις

195 769 253 830 τοῦ
285 761 437 848 σώματος
472 764 527 830 καὶ
559 769 672 854 ψυχῆς,
710 770 860 835 namlich
886 759 1008 853 ὅρασιν,
1046 758 1215 855 ὄσφρησιν,
1247 768 1364 851 γεῦσιν,

195 875 297 971 risoria
319 880 375 946 καὶ
392 875 489 971 ἁφήν,
515 885 598 962 νοῦν,
623 876 728 966 λόγον,
754 878 861 961 δόξαν,
887 878 1072 970 φαντασίαν
1091 880 1148 947 καὶ
1173 876 1365 971 αἶ’σθησινίί.

195 1002 242 1066 At
266 1025 345 1066 vere
369 1003 451 1067 alibi
475 1024 607 1088 quoque
632 1002 768 1066 docem
793 1003 883 1087 ipsos
905 1002 1144 1087 grammaticos
1160 1003 1196 1067 in
1212 1002 1367 1068 ordinem

196 1141 267 1183 esse
302 1118 455 1183 redactos
492 1117 555 1183 hoc
584 1118 774 1204 exemplum
809 1119 946 1202 insigne
982 1118 1127 1184 evincat.
1173 1119 1215 1183 In
1249 1118 1367 1184 codice

195 1236 286 1298 enim
309 1234 503 1299 Matritensi
526 1234 722 1299 LXXXIII
750 1236 807 1300 iol.
832 1236 901 1318 55„
915 1235 973 1320 qui
1001 1241 1093 1299 totus
1122 1234 1365 1321 propemodum

195 1351 412 1416 Constantini
440 1351 596 1416 Lascaris
632 1373 733 1415 manu
763 1358 918 1416 exaratus
948 1345 1037 1434 est¹),
1072 1350 1188 1416 tabula
1222 1338 1367 1435 ἀρχαίων

194 1466 428 1551 γραμματικῶν
450 1467 634 1565 invenitur,
661 1489 746 1552 quae
763 1468 823 1532 hos
848 1467 998 1549 decem,
1024 1466 1256 1551 Heliodorum,
1279 1465 1365 1552 Api·

194 1606 302 1666 onem,
342 1583 571 1668 Tryphonem,
617 1583 821 1666 Habronem,
862 1582 1108 1666 Aristarchum,
1142 1581 1365 1668 Apollonium

194 1700 387 1784 Dyscolum,
418 1698 660 1781 Herodianum,
694 1699 899 1784 Dionysium
928 1699 1101 1782 Thracem,
1135 1697 1365 1763 Theodosium

193 1815 472 1897 Alexandrinum,
500 1814 663 1879 Ioannem
687 1815 923 1900 Philoponum,
954 1814 1199 1900 complectitur.
1246 1814 1364 1879 Primo

193 1932 309 2015 igitur,
333 1938 372 1995 ut
400 1930 510 1995 denuo
538 1939 700 2016 repetam,
734 1932 867 1996 decern
897 1938 1030 1996 tantum
1058 1930 1297 2016 grammaticos
1326 1930 1364 1995 in

193 2047 316 2111 tabulis
340 2048 465 2112 nostris
490 2047 699 2112 consociatos
723 2047 829 2112 fuisse
853 2048 926 2111 veri
950 2047 1161 2112 simillimum
1186 2068 1260 2111 esse
1283 2068 1364 2111 con·

192 2163 340 2228 tendam.
377 2163 475 2240 Quod
499 2186 578 2228 vero
595 2163 720 2227 attinet
744 2164 785 2227 ad
802 2171 913 2228 cetera
930 2163 1075 2248 catalogi
1090 2162 1198 2228 nostri
1213 2162 1364 2246 nomina,

192 2279 227 2343 in
267 2280 390 2364 quibus
429 2286 554 2344 certam
594 2279 850 2364 compositionis
888 2279 1054 2344 rationem
1098 2278 1255 2344 invenire
1293 2299 1364 2343 non

191 2418 338 2480 possum,
374 2418 412 2460 ea
448 2417 466 2460 a
495 2394 638 2460 diversis
663 2395 872 2461 diversorum
896 2395 1104 2461 saeculorum
1127 2392 1323 2460 hominibus
1344 2416 1365 2459 e

191 2512 333 2576 libidine
372 2512 501 2597 primae
540 2511 838 2595 grammaticorum
872 2511 1015 2576 tabellae
1055 2511 1189 2576 decem
1227 2518 1362 2576 tentum

191 2628 329 2692 nomina
353 2627 544 2692 continenti
567 2628 782 2713 agglutinata
811 2649 884 2691 esse
912 2627 997 2691 mihi
1025 2627 1162 2712 quidem
1189 2625 1362 2692 videntur.

297 2745 432 2818 Restat,
469 2749 508 2807 ut
532 2742 573 2807 de
598 2744 706 2808 tribus
743 2743 1041 2827 grammaticorum
1071 2742 1242 2825 indiculis,
1277 2763 1361 2827 quos

191 2861 261 2924 sola
284 2861 352 2924 tab.
370 2859 406 2922 M
429 2859 610 2924 memoriae
635 2858 786 2942 tradidit,
811 2859 960 2924 breviter
977 2859 1189 2924 disseramus.
1228 2858 1361 2923 Horum

191 2998 270 3040 vero
294 2976 451 3061 primum,
477 2976 536 3060 qui
553 2964 624 3035 ὅσαι
642 2968 720 3057 περὶ
743 2963 972 3059 ὀρθαγραφιάς
999 2974 1184 3061 inscriptus
1204 2981 1265 3058 est,
1292 2973 1360 3038 iam

190 3092 354 3157 Ludwich
373 3093 439 3170 (1.1.
453 3114 485 3176 p.
502 3091 905 3168 10—11)aocuratissime
922 3091 1093 3156 tractavit.
1133 3090 1243 3167 Quare
1258 3088 1359 3154 modo

190 3210 347 3274 tabellam
372 3209 464 3272 illam
491 3230 565 3271 cum
591 3208 804 3291 singulorum
827 3207 1124 3291 grammaticorum
1151 3205 1273 3270 aetatis
1296 3227 1359 3270 nu·

190 3325 290 3388 meris
315 3332 416 3408 atque
440 3323 617 3408 perpaucis
642 3322 917 3388 adnotationibus
941 3323 1142 3387 instructam
1166 3343 1313 3407 appono:

406 3443 421 3504 1
445 3428 672 3512 Ἀπολλώνιος
809 3463 835 3503 c.
862 3440 925 3504 125
948 3462 981 3524 p.
1007 3439 1085 3503 Ohr.
1109 3461 1144 3502 n.

403 3544 646 3638 2Ἡρισιῖιανός
812 3558 972 3620 c160=
1044 3583 1054 3607 ι
1117 3582 1128 3607 ς

402 3675 421 3737 3
442 3653 537 3754 Ὦρος
813 3695 838 3736 0.
865 3673 975 3737 1502
1043 3696 1056 3724 ι
1116 3696 1129 3725 2

400 3777 605 3865 I‘Popmog
814 3810 842 3852 c.
866 3789 979 3853 47:3⁵
1047 3814 1058 3842 ι
1115 3812 1128 3840 ι

400 3895 626 3976 ῦΘεαδόσισς
750 3904 788 3983 (P)
813 3927 840 3967 ο.
866 3906 977 3968 390:
1047 3931 1058 3957 ι
1117 3930 1127 3955 ε

296 4091 319 4151 I)
348 4087 396 4140 cfr.
421 4089 518 4141 histrio
541 4087 609 4156 Rip.
633 4086 697 4139 bibl.
722 4087 826 4140 Mardi.
852 4086 930 4139 codd.
955 4087 1003 4141 Gr.
1023 4104 1086 4138 mss.
1106 4086 1120 4138 I
1140 4086 1231 4154 (1769)
1249 4102 1276 4155 p.
1296 4086 1359 4149 314,

187 4177 247 4230 vido
269 4195 377 4246 (prinpia
399 4196 425 4246 p.
445 4180 509 4239 aba
537 4177 644 4245 repetiit
668 4177 742 4229 illam
771 4176 899 4229 tabellam
925 4174 1188 4229 Fabricius-Harlee
1208 4174 1293 4241 „Bff‘
1312 4173 1359 4229 VI

186 4269 276 4336 (Una)
296 4268 432 4319 310-311
456 4267 518 4320 adn.
539 4269 579 4333 ἓν).
