2946 4734
586 329 790 392 ‚21-

85 508 233 590 Xenoph.
258 505 336 586 Eph.
350 505 376 569 ll
398 505 460 581 24
480 505 534 566 καὶ
558 504 682 579 πάντες
698 509 975 590 ἐττθαυμτέκεσαν
994 512 1034 573 τό
1057 507 1181 587 κάλλος,
1204 513 1257 575 καὶ

86 607 261 686 ἅνθρωποι
281 603 441 684 βάρβαροι
462 601 562 684 μήπω
597 607 756 686 πρότερον
788 608 956 690 τοσαύτην
978 609 1104 683 ἰδόντες
1144 612 1257 691 εὐμορ·

86 715 166 790 ‹ploi-
192 705 288 774 dende
311 701 458 781 ἐνόμιζον
481 694 566 765 εἶναι
588 708 665 777 τούς
686 706 916 787 βλεπσμέττους.
959 709 1152 775 Chariton]
1174 712 1253 789 ld,l

85 809 162 870 ool
186 807 320 874 Λτωνᾶς
350 804 404 862 καὶ
436 800 559 875 πάντες
591 802 622 865 οἱ
643 805 738 866 ἔνδον
769 808 953 891 ἐπιστάσης
975 807 1142 890 αἰφνίδιον
1163 832 1257 871 κατε-

85 905 260 987 πλάγησαν
278 903 447 973 δοκοῦντες
471 903 558 963 decio
570 902 754 983 ἑωρακέναι.
787 906 952 971 Chariton.
965 909 992 971 ll
1003 909 1031 984 3,
1045 911 1080 983 9;
1104 910 1146 973 lll
1157 910 1186 987 2,
1201 911 1255 986 143

89 1007 251 1072 Heliodor.
274 1004 286 1066 l
309 1003 344 1076 Q
368 1001 451 1064 adde
469 1003 615 1083 exempla
639 1024 658 1067 a
681 1005 811 1069 Rohdio
833 1013 985 1088 congesta
1008 1028 1038 1088 p.
1065 1009 1132 1087 152,
1155 1010 1181 1071 1.

122 1121 126 1127 ’
169 1103 240 1166 Huo
252 1107 327 1182 apte
339 1100 559 1165 blandimenla
573 1103 624 1166 illa
638 1105 861 1185 adiungamus
881 1107 999 1187 quibus
1016 1112 1178 1173 amatores
1197 1106 1256 1190 ipsi

86 1208 230 1268 amalum
244 1220 316 1264 enm
336 1200 458 1263 deabus
469 1208 611 1282 aequant
623 1204 672 1267 vel
688 1205 781 1268 deam
799 1211 829 1269 el
839 1207 996 1270 Venerem
1008 1227 1101 1272 suam
1116 1211 1254 1273 vocant²

118 1304 207 1355 Plaut.
228 1299 333 1351 Cureul.
353 1297 402 1350 168

120 1388 122 1391 ’
189 1385 256 1454 quid
275 1383 375 1444 vidisti,
395 1386 445 1436 aut
462 1383 529 1450 quid
550 1383 654 1437 videbis
674 1384 761 1454 magis
780 1385 821 1437 dis
841 1385 1069 1456 aequiparabile?

118 1473 230 1528 Poenul.
250 1471 350 1537 281sq.

85 1562 206 1617 etiamne
224 1561 254 1610 ut
270 1572 343 1609 emes
358 1571 428 1619 eam,
447 1571 529 1621 quam
545 1570 697 1620 numquam
707 1554 850 1623 tetigeris?
869 1555 966 1624 Ager:
987 1555 1054 1609 nihil
1066 1556 1094 1609 id
1104 1556 1254 1625 quidemst:

84 1649 148 1702 deos
165 1660 273 1713 quoque
293 1641 387 1708 edepol
407 1642 435 1692 et
453 1657 515 1693 amo
534 1642 561 1692 et
582 1642 682 1708 metuo,
701 1641 799 1708 quibus
817 1644 912 1696 tamen
930 1642 1054 1698 abstineo
1073 1661 1178 1698 manus.

119 1734 200 1801 Prop.
221 1732 242 1783 ll
262 1731 285 1790 2,
298 1727 330 1779 13

279 1812 366 1867 oedite
383 1810 447 1875 iam,
467 1809 555 1877 divae,
573 1826 641 1876 quas
659 1812 753 1878 pastor
773 1809 879 1864 videret
898 1810 962 1864 olim
981 1828 1034 1879 eqs.

119 1902 197 1957 Ovid.
216 1899 320 1955 heroid.
339 1898 419 1951 XVII
440 1895 555 1963 (XVIII)
573 1896 607 1949 66
616 1913 674 1963 sqq.

38 1995 40 2000 '
380 1985 455 2051 (vera
472 1982 548 2050 loqui
566 1982 648 2035 liceat
655 1982 671 2049 Ε)
690 1999 774 2049 quam
793 1998 890 2048 sequor
909 1980 974 2049 ipse,
995 1980 1086 2042 deeut3

287 2085 341 2122 neu
359 2070 475 2124 referam
494 2085 582 2123 mores
599 2068 708 2122 caelesti
727 2071 837 2136 pectore
855 2067 960 2135 dignos,

54 2212 56 2214 ,
382 2156 470 2209 forma
485 2154 537 2207 nisi
555 2155 584 2207 in
605 2172 680 2207 veras
699 2153 847 2208 non'oadit
867 2154 915 2206 ille
932 2153 1002 2206 deos.

85 2242 131 2305 Cf.
144 2242 309 2305 Chariton.
321 2242 334 2304 l
348 2243 374 2319 1,
387 2242 406 2305 V
419 2231 459 2324 dr
471 2242 531 2320 yolo
549 2243 586 2303 τό
607 2239 722 2313 κάλλος
737 2241 794 2302 οὐκ
810 2238 1033 2320 ἀνθρώπινον,
1050 2239 1133 2302 ἀλλά
1148 2242 1252 2300 θεῖον,

121 2341 200 2394 Ovid.
219 2340 324 2393 heroid.
345 2340 421 2393 XVII
442 2340 555 2411 (XVIII)
576 2340 625 2395 168
636 2359 674 2408 sq.

386 2429 481 2495 teque,
501 2427 590 2495 magis
607 2429 680 2481 eaelo
700 2426 784 2495 digna
799 2426 904 2494 puella,
926 2441 1037 2492 sequor:

280 2510 366 2580 digna
380 2512 488 2581 quidem
508 2515 582 2568 eaelo
601 2531 636 2576 es,
656 2513 701 2567 sed
721 2513 810 2566 adhuc
827 2512 925 2565 tellure
943 2526 1057 2564 morare.

168 2597 215 2661 Ne
238 2618 310 2663 cum
333 2601 402 2682 ipsa
426 2602 564 2682 quidem
577 2602 696 2664 amoris
711 2602 783 2672 dea,
805 2603 938 2675 Venere,
958 2603 1105 2662 amantes
1122 2598 1251 2659 iuvenes

85 2699 224 2780 puellam
237 2718 425 2780 comparare
437 2707 597 2765 verentur.
620 2701 770 2781 Perleges
781 2701 865 2763 enim
879 2704 910 2762 el
922 2698 1067 2761 conseras
1077 2697 1136 2759 hos
1148 2695 1250 2757 loeos:

117 2797 206 2850 Pleut.
224 2795 293 2850 Rud.
312 2798 365 2850 420

231 2899 280 2951 pro
299 2883 327 2936 di
343 2883 520 2945 immortales,
540 2883 652 2937 Veneris
671 2882 765 2949 effigia
783 2883 851 2935 haee
868 2881 976 2949 quidem
997 2884 1045 2934 est.

84 2966 278 3033 Aristaenel.
295 2971 385 3052 epist.
406 2973 460 3048 11,
480 2972 540 3034 vd
566 2959 591 3031 ui
614 2970 742 3052 ᾳτῖστως
764 2971 801 3032 τό
824 2969 998 3031 κάλλιστον
1022 2966 1250 3049 ψλοτέχτημα,

82 3054 108 3127 ὦ
119 3071 278 3145 γυναικῶν
295 3066 422 3132 εὔκλεια
437 3072 490 3132 καὶ
502 3071 557 3133 dlol
571 3070 707 3133 ττοὶττωτ
720 3075 867 3159 ἔμψυχος
880 3075 935 3152 τῆς
949 3068 1134 3150 Ἀφροδίτης
1146 3062 1249 3129 εἰκών.

117 3167 207 3220 Plaut.
226 3169 336 3222 Poenul.
354 3169 404 3222 277
415 3187 455 3238 sq.

816 3238 907 3289 Venus
924 3251 981 3288 non
999 3237 1040 3287 est
1060 3233 1164 3286 Venus:

151 3319 223 3374 hano
242 3320 352 3389 quidem
370 3321 503 3375 Venerem
523 3322 682 3386 venerabor,
701 3341 745 3377 me
763 3328 795 3376 ut
813 3326 887 3376 amet
907 3321 1022 3391 posthae
1039 3320 1168 3390 propitia.

116 3405 216 3459 Tibull.
236 3405 273 3458 lV
293 3407 334 3472 13,
347 3407 378 3459 13
389 3425 429 3475 sq.

262 3508 335 3545 nuno
353 3492 418 3547 lieet
436 3510 451 3547 e
469 3493 542 3547 eaelo
562 3493 690 3546 mittatur
711 3492 799 3546 amica
818 3491 936 3553 Tibullo,

325 3578 451 3634 mittetur
469 3580 571 3634 frustra
589 3580 749 3648 deficietque
770 3580 869 3632 Venus,

120 3662 258 3732 Agathiae
277 3664 363 3733 epigr.
382 3665 486 3720 anthol.
505 3667 564 3719 Pal.
584 3667 609 3720 V
628 3668 686 3725 222,
697 3669 712 3718 5
725 3684 764 3733 sq.

251 3748 276 3802 εἰ
295 3750 325 3803 δὲ
343 3753 391 3804 καὶ
409 3748 523 3823 ἆγλαΐης
543 3756 632 3824 κρίσις
651 3753 753 3818 ἵστατο,
772 3751 878 3822 μᾶλλον
897 3748 932 3803 ἄν
951 3747 1020 3820 αὐτὴ

317 3836 428 3909 Κύπρις
447 3836 582 3909 ἐνικήθη,
608 3836 769 3900 κτῖνεδίκττζτ
793 3836 892 3909 Πάρις,

119 3917 210 3974 Pleut.
230 3921 338 3976 Cureul.
359 3925 407 3977 192

380 4012 431 4063 tun
451 4027 543 4065 meam
560 4012 694 4064 Venerem
713 4010 871 4077 vituperas?

114 4087 217 4158 Vergil.
236 4095 320 4164 eclog.
341 4095 379 4148 llI
398 4097 431 4149 68

371 4184 454 4250 porte
470 4197 547 4234 meae
566 4181 665 4235 Veneri
683 4184 747 4235 sunt
765 4196 886 4234 munere.
