2946 4734
628 336 835 398 -19-

188 503 270 572 Prop.
289 503 328 556 111
347 502 371 565 8,
387 504 419 556 35

329 592 427 662 gaude,
453 595 529 662 quod
549 596 626 650 nulla
643 599 684 650 est
702 613 788 666 aeque
805 598 931 654 formosa.

186 683 262 738 Ovid.
282 685 385 739 heroid.
404 688 457 740 XV
476 689 564 756 (XVI)
585 690 633 743 143
643 708 684 758 sq.

323 790 374 828 nec
392 774 445 828 tibi
463 794 513 844 par
531 794 646 845 usquam
665 776 789 847 Phrygia
806 794 856 832 nec
874 776 938 831 solis
956 778 992 832 ab
1011 782 1073 833 ortu

392 860 467 915 inter
485 863 617 917 formosas
635 864 722 919 alteru
739 880 840 919 nomen
858 865 953 920 habet.

151 946 340 1028 Xenophon.
364 948 546 1029 Ephesii,
563 952 576 1013 l
601 956 723 1030 γίνεται
746 957 824 1023 παῖς
846 950 1047 1036 Ἀβροκόμης,
1069 962 1152 1035 μέγα
1166 978 1197 1018 τι
1212 959 1322 1041 χρῆμα

151 1042 287 1117 κάλλους
316 1044 391 1107 οὔτε
422 1049 457 1108 ἐν
478 1048 582 1131 Ἰωνίᾳ
610 1044 687 1113 οότε
714 1052 749 1112 εἰ·
781 1047 862 1134 ἄλλῃ
890 1054 928 1135 γῇ
954 1052 1116 1134 πρότερον
1137 1064 1320 1136 γενομένου.

150 1144 230 1208 Xen.
249 1145 364 1228 Ephes
383 1147 468 1225 lae
489 1138 531 1231 ἦν
552 1149 589 1209 δὲ
611 1150 648 1210 τό
672 1149 788 1223 κάλλος
808 1154 864 1232 τῆς
884 1151 1031 1227 Ἀνθείας
1052 1144 1122 1217 οἷον
1144 1156 1322 1237 θαυμάσαι

150 1245 203 1304 καὶ
226 1245 312 1307 nont
332 1247 392 1318 τός
413 1244 513 1320 ἄλλας
532 1247 774 1330 ὑπερεβάλλετο
797 1254 995 1330 παρθένους.
1034 1246 1229 1320 Aristaenet.
1243 1257 1270 1321 Π
1282 1259 1319 1321 al

151 1341 266 1416 πόσας
296 1345 331 1405 ἐν
361 1349 446 1408 πᾶσι
475 1351 657 1430 νενίκηκας,
690 1347 731 1422 τός
753 1350 847 1428 ἔπος,
877 1353 923 1432 τῷ
947 1351 1106 1436 σχήματι,
1135 1356 1182 1436 τῷ
1203 1353 1324 1435 κάλλει,

152 1466 224 1515 ταις
245 1462 384 1523 χαρισιν.

235 1567 358 1632 Deinde
379 1567 461 1633 haec
481 1570 582 1634 verba
604 1571 740 1636 conferri
762 1578 913 1656 possunt:

189 1666 348 1720 Eunuch.5

325 1752 444 1829 primam
463 1753 543 1818 dioes,
562 1753 625 1821 saio,
644 1753 667 1808 si
686 1754 794 1810 videris.

187 1845 265 1900 Ovid.
285 1863 369 1901 amor.
388 1848 400 1900 Ι
418 1847 442 1911 8,
454 1847 487 1900 25

325 1935 354 1988 et
373 1950 420 1987 our
437 1951 492 1988 non
512 1933 640 2002 placeas?
668 1932 739 1987 nulli
756 1934 806 1988 tua
824 1932 915 1987 forma
931 1932 1085 1987 secundast.

187 2025 352 2096 Grinagorae
371 2026 458 2097 epigr.
476 2026 579 2081 anthol.
600 2027 659 2080 Pal.
678 2027 703 2080 V
726 2027 812 2096 108‚5
829 2045 869 2096 sq.

329 2111 430 2187 Πρώτη
447 2114 489 2166 σοὶ
509 2108 588 2184 ὄνομ’
608 2113 689 2167 ἔσκεν
708 2110 854 2189 ἐτήτυμον.
873 2099 909 2183 ἦν
928 2107 982 2185 γὰρ
1002 2106 1112 2166 ἅπαντα

402 2195 511 2271 δεύτερ’
531 2195 679 2271 ιῖμιμήτων
698 2202 753 2254 τῶν
771 2197 817 2253 ε’πί
837 2200 879 2252 συὶ
893 2201 1023 2272 χαρίτων.

233 2306 334 2369 Porro
349 2307 391 2370 ad
406 2307 632 2371 illustrandam
649 2327 809 2371 summam
823 2307 1053 2371 amoenitatem
1070 2310 1102 2370 et
1116 2311 1318 2372 venustatem

150 2406 336 2485 puellam
353 2426 442 2470 curn
459 2408 595 2488 signis
611 2408 781 2471 dearum
800 2406 1015 2471 aclarissimis
1034 2407 1211 2473 artificibus
1228 2408 1322 2490 pictis

150 2511 416 2586 comparant,
442 2507 528 2570 velut
549 2507 684 2571 Plautus
704 2507 795 2588 Epid.
818 2507 879 2570 623
891 2527 961 2589 sqq.

255 2628 341 2679 usque
359 2611 394 2666 ab
412 2612 560 2681 unguiculo
579 2613 614 2666 ad
633 2612 764 2683 capillum
782 2613 946 2666 summumst
966 2610 1148 2676 festivissima,

254 2701 330 2751 estne
348 2698 509 2764 consimilis,
535 2698 612 2766 quasi
630 2716 692 2752 cum
711 2698 820 2768 signum
839 2699 944 2768 pictum
963 2697 1075 2766 pulchre
1094 2697 1250 2766 aspexeris?

149 2784 264 2862 Qualia
287 2785 376 2866 signa
396 2786 584 2850 adulescens
599 2787 695 2863 dicat,
718 2786 999 2868 perspicuumst,
1022 2785 1110 2867 quod
1132 2805 1242 2848 servus
1265 2805 1320 2866 per

149 2886 255 2948 iocum
277 2886 467 2966 respondet:

253 3006 285 3043 ex
303 2989 358 3043 iuis
376 2990 466 3045 verbis
485 3008 575 3045 meum
594 2990 719 3044 futurum
737 2990 840 3044 corium
859 2989 1004 3060 pulchrum
1023 2987 1173 3058 praedicas,

253 3094 334 3144 quem
353 3077 460 3154 Apelles
479 3081 562 3145 atque
581 3077 675 3130 Zeuxis
694 3077 746 3130 duo
765 3077 882 3146 pingent
901 3075 1050 3146 pigmentis
1068 3074 1172 3128 ulmeis.

149 3172 286 3235 Eosdem
308 3173 447 3253 pictores
469 3173 614 3235 nominat
632 3173 766 3236 Plautus
789 3172 920 3236 Poenul.
944 3171 1001 3235 127
1015 3191 1085 3252 sqq.

554 3270 701 3338 oApella‚
728 3269 856 3323 oZeuxis
874 3269 973 3339 pictor,

253 3372 300 3408 cur
318 3373 432 3410 numero
451 3356 514 3410 etsie
532 3356 641 3425 mortui,
661 3358 711 3410 hoe
730 3357 854 3426 exemplo
872 3358 905 3408 ut
922 3352 1093 3425 pingeretis?

253 3459 318 3495 nam
337 3441 406 3495 alios
425 3441 542 3510 pictores
560 3441 599 3494 nil
617 3460 708 3496 moror
726 3441 882 3497 huiusmodi
899 3445 1020 3496 tractare
1039 3440 1174 3507 exempla.

231 3552 337 3629 Quam
368 3555 559 3619 sententiam
590 3556 667 3636 quin
698 3556 907 3620 Alexandrini
936 3558 1051 3635 poetae
1083 3571 1122 3614 ex
1151 3549 1318 3613 comoedia

150 3651 259 3731 aliqua
280 3653 403 3716 Graeca
432 3656 568 3718 mutuati
597 3656 675 3730 sint,
710 3676 774 3718 non
804 3655 983 3730 dubitabis,
1017 3653 1041 3716 si
1064 3650 1266 3730 Propertium
1289 3653 1317 3710 el

148 3750 304 3813 Rufinum
324 3757 355 3816 el
387 3755 521 3816 creticos
549 3754 720 3834 scriptores
750 3757 871 3836 optime
900 3773 972 3816 cunr
995 3752 1111 3815 Plauto
1134 3748 1318 3827 conspirare

147 3853 355 3931 perspexeris.
400 3854 537 3916 Maxime
559 3873 635 3916 vero
658 3856 898 3936 appropinquat
920 3873 953 3916 se
970 3851 1075 3914 Plauti
1091 3848 1197 3910 verbis
1208 3846 1316 3910 Rufini

149 3950 350 4029 epigramma
372 3953 493 4016 anthol.
516 3953 582 4016 Pal.
606 3953 630 4014 V
656 3955 693 4016 15

252 4055 307 4108 nori
326 4055 378 4110 νῦν
396 4056 583 4129 Πραξιτέλης,·
608 4057 663 4110 ποῦ
682 4053 713 4108 d'
731 4057 761 4108 al
775 4056 859 4128 χέρες
877 4058 906 4108 αἱ
926 4054 1113 4108 Πολυκλείτου

323 4145 353 4196 αἱ
377 4150 437 4203 ταῖς
456 4141 566 4216 πρόσθε
585 4144 695 4215 τέχναις
712 4143 824 4214 πνεῦμα
838 4141 1038 4215 χαριζόμενοι,

1115 4229 1151 4281 2*
