2946 4734
658 1147 835 1289 Vita.

231 1452 319 1507 Natus
337 1472 395 1507 sum
422 1456 549 1507 Voltmor
562 1456 676 1507 Hoelzer
695 1454 724 1506 in
743 1454 809 1507 urbe
822 1453 917 1507 Erfurt
938 1472 962 1508 a.
979 1454 1005 1507 d.
1019 1454 1072 1506 VH
1087 1442 1153 1508 Idus
1168 1452 1332 1509 Februarias

161 1558 234 1596 anno
249 1541 275 1594 h.
291 1559 311 1594 s.
327 1540 440 1594 LXXIII
459 1546 538 1610 patre
556 1543 708 1604 Vollrmora
728 1558 807 1609 quem
827 1540 895 1594 mihi
914 1546 1092 1611 praematura
1105 1544 1192 1596 morte
1205 1546 1331 1611 ereptum

164 1645 220 1684 esse
238 1629 326 1698 lugeo,
345 1632 433 1682 matre
445 1629 600 1681 Elisabetho
615 1645 629 1682 e
642 1634 725 1698 gente
738 1631 900 1698 Kollmeyer.
937 1628 1015 1682 Fidei
1025 1628 1150 1683 addictus
1167 1646 1228 1683 sum
1246 1644 1330 1685 evan·

165 1717 277 1787 gelioae.
314 1716 463 1784 Postquam
476 1732 524 1783 per
538 1733 635 1769 novem
650 1733 735 1768 annos
749 1716 924 1784 gymnasium
938 1716 1013 1769 urbis
1024 1716 1131 1785 patriae
1145 1714 1331 1784 frequentavi,

166 1803 336 1858 maturitatis
361 1802 549 1856 testimonium
573 1803 688 1872 adeptus
714 1821 774 1857 vere
799 1803 866 1857 anni
884 1803 959 1857 XCII
986 1803 1154 1859 academiam
1175 1802 1329 1857 Heidelber-

165 1908 276 1962 gensem
295 1890 360 1951 adii,
379 1893 409 1943 ut
427 1889 524 1943 studiis
542 1906 653 1960 operam
671 1891 765 1944 darem
777 1890 932 1960 philologis.
966 1890 1094 1943 Eiusdem
1111 1888 1178 1943 anui
1194 1892 1329 1945 autumno

164 1979 257 2034 lenam
276 1996 319 2032 me
335 1978 445 2032 contuli.
482 1978 551 2031 Cum
569 1977 608 2030 ibi
626 1994 674 2047 per
693 1982 790 2044 quater
808 1996 853 2033 sex
871 1995 976 2032 menses
993 1977 1098 2032 scholas
1116 1975 1281 2031 audivissem
1301 1981 1330 2031 et

166 2066 247 2119 simul
266 2066 382 2120 militiae
395 2082 508 2119 munere
526 2065 634 2119 functus
648 2082 741 2133 essem,
760 2069 794 2118 ut
805 2065 896 2119 studia
909 2064 1073 2135 perficerem,
1093 2064 1128 2119 ad
1141 2064 1213 2119 hauc
1225 2064 1329 2119 almam

103 2176 110 2193 r
163 2153 300 2207 Musarum
320 2153 409 2208 sedem
427 2152 614 2222 commigravi.
1236 2158 1239 2163 '

233 2241 389 2295 Doouerunt
408 2258 452 2293 me
470 2239 521 2292 viri
543 2239 691 2293 doctissimi
709 2242 791 2294 Kuno
809 2243 931 2308 Fischer,
958 2242 1068 2306 Osthoff,
1097 2241 1217 2306 Brumae,
1238 2240 1329 2305 Garis,

163 2331 275 2395 Hirzrl,
305 2331 455 2394 Schrader,
478 2330 634 2388 laetorum,
654 2329 835 2395 Kouffmonn,
862 2330 985 2395 Euckert,
1015 2328 1174 2395 Sctroeder,
1206 2326 1329 2393 Komar,

160 2418 264 2483 Νααάέ,
286 2418 372 2485 Mese,
406 2417 540 2480 Wissowo,
567 2416 710 2480 married,
737 2418 837 2482 Macros,
864 2417 935 2468 Birt.
978 2414 1082 2480 Quibus
1105 2410 1330 2484 praeceptoribus

163 2503 267 2576 gratias
286 2522 337 2574 ago
362 2521 444 2572 qua-m
470 2501 614 2562 maximas,
642 2502 776 2572 imprimis
800 2520 864 2557 vero
884 2505 988 2570 Birria,
1016 2501 1064 2571 qui
1090 2502 1199 2571 praeter
1222 2502 1330 2553 eeteros

162 2592 261 2647 studiis
278 2592 346 2645 meis
365 2591 442 2644 favit.
546 2608 549 2613 ·
