2946 4734
664 213 705 278 23

162 390 265 474 κήδεα
283 394 346 471 μὲν
366 389 554 470 στοιιίεντα,
573 391 754 472 Περίκλεες,
777 392 858 455 οὐδέ
873 417 920 468 τις
940 395 1054 460 α’σταῖν

204 489 413 572 μεμφόμενος
433 491 546 573 θαλίῃς
565 501 724 577 τέρψεται
744 491 823 555 ου’δὲ
840 493 942 568 πόλις.

166 597 271 664 τοιόυς
289 591 350 671 γαρ
371 591 456 652 κατα
473 592 563 670 κῦμα
581 591 838 673 πολυφλοίσβοιο
859 594 1036 677 θαλάσσης

205 690 348 768 ἔκλυσεν,
369 688 535 763 οίιίαλέους
554 690 585 752 δ’
604 690 689 772 ἄμφ’
711 690 832 775 ιίδιίνῃς
853 694 969 774 ἔχομεν

123 793 152 853 5.
175 791 360 868 πνεύμονας
380 790 465 852 α’λλιὶ
484 790 560 852 θεοὶ
577 791 639 870 γαρ
659 790 869 873 αἰηιιέστοισι
889 797 1046 873 κακοῖσιν,

208 880 234 951 οῗ
254 889 321 972 φίλ’
342 891 399 952 ἐπὶ
420 891 579 973 κρατερήν
598 889 805 972 τλημοσυννμ·
827 892 954 956 ἔθεσαν

167 994 354 1071 φάρμακον·
382 984 502 1052 ἄλλοτε
522 989 553 1050 δ’
572 986 669 1062 ἄλλος
687 991 754 1069 ἔχει
774 989 939 1053 τόδεϊῦν
960 996 1022 1072 μὲν
1039 993 1071 1066 ἐς
1091 994 1192 1074 ἡμέας

205 1088 376 1169 ἐτράπεθ’,
396 1087 555 1168 αἱματόεν
575 1089 605 1152 δ’
624 1089 712 1161 ἕλκος
732 1089 968 1170 α’ναστέιόμεν,

162 1191 291 1265 ἐξαῦτις
311 1188 341 1249 δ’
362 1186 488 1267 ἑτέρους
510 1188 846 1274 ἐπαμείψεται·ᾰλλιὶ
868 1188 1010 1269 τάχιστα

101 1290 151 1354 10.
222 1289 319 1370 τλῆτε
338 1291 518 1367 γυναικεῖον
535 1291 661 1360 πένθος
681 1286 911 1366 α’πωσοίμενοι.

183 1405 373 1469 Consolatur
395 1404 487 1482 igitur
499 1403 709 1467 Archilochus
725 1403 878 1467 Periclem
901 1404 941 1468 de
963 1407 1064 1468 morte
1080 1403 1170 1466 aurici
1185 1423 1265 1466 nau-

98 1505 200 1584 hagio
230 1503 344 1585 perditi
373 1507 403 1566 et
431 1508 556 1579 monet,
584 1523 625 1567 ne
648 1504 747 1567 nimio
767 1523 801 1568 se
831 1505 937 1568 tradat
968 1503 1081 1581 luctui,
1111 1503 1264 1586 quoniam

96 1605 158 1686 ipsi
179 1604 229 1667 dei
251 1603 449 1666 medicamen
477 1603 632 1684 optimum
661 1603 806 1667 dederint
839 1603 1018 1667 hominibus
1037 1603 1068 1665 in
1090 1604 1185 1666 rebus
1206 1603 1264 1666 ad·

97 1705 211 1780 versis,
247 1703 460 1768 constantiam
486 1706 519 1766 et
544 1703 763 1767 tortitudinem
791 1703 870 1786 (arg.
891 1702 926 1785 Ι).
974 1703 1093 1767 Omnes
1120 1702 1263 1766 homines

96 1824 201 1886 aeque
214 1802 356 1866 cladibus
371 1806 403 1866 et
418 1802 651 1867 calamitatibus
666 1803 749 1868 attici
764 1824 870 1886 neque
885 1805 1034 1886 cuiquam
1055 1803 1152 1884 parci,
1175 1803 1261 1884 quod

96 1903 160 1967 alio
180 1923 309 1985 quoque
330 1902 510 1983 fragmento
522 1903 543 1981 ¹)
565 1903 656 1967 dicit:
679 1901 793 1965 πάντα
815 1903 915 1976 πόνος
928 1901 1036 1981 τεύχει
1053 1904 1187 1982 θνητοῖς
1207 1923 1262 1978 με·

94 2003 172 2085 λε’τη
194 2024 231 2062 τε
252 2005 382 2082 βροτείη
405 1999 484 2082 (arg.
507 2001 556 2083 ll).
600 2003 731 2066 Desinat
758 2004 852 2084 igitur
873 2002 1009 2066 Pericles
1037 2001 1131 2065 nimis
1154 2000 1261 2080 lugere

95 2109 130 2167 et
150 2103 183 2166 in
205 2101 448 2166 lamentationes
466 2102 636 2166 muliebres
657 2103 788 2166 effundi.
824 2104 942 2183 Augeri
965 2101 1094 2184 quidem
1115 2099 1257 2162 dolorem

95 2222 172 2268 cum
198 2205 343 2266 mortuus
373 2218 438 2262 nou
469 2201 510 2264 sit
531 2202 590 2265 rite
618 2204 731 2266 funera
760 2207 941 2275 assecutus,
974 2202 1059 2283 quod
1088 2199 1113 2262 si
1140 2199 1259 2262 tactum

95 2305 188 2377 esset,
209 2300 307 2363 levius
330 2299 459 2362 sentiret
480 2300 601 2365 luctum
609 2299 644 2381 ²).
681 2301 845 2365 Mortuum
866 2304 973 2364 antem
997 2300 1089 2362 fuisse
1109 2302 1261 2363 maritum

91 2401 210 2466 sororis
228 2399 418 2476 Archilochi,
441 2419 513 2464 cum
535 2421 573 2464 ex
594 2402 655 2465 hoc
675 2406 745 2465 tum
766 2421 805 2465 ex
826 2401 888 2464 alio
904 2405 1038 2482 apparet
1053 2399 1260 2480 fragmenrott

92 2498 296 2566 aPlutarcho
313 2499 440 2577 tradito,
462 2501 548 2582 quod
571 2501 612 2564 ad
625 2500 808 2564 Archilochi
827 2504 974 2565 naturam
996 2518 1125 2580 prorsus
1147 2503 1259 2578 aptum

92 2605 128 2666 et
149 2601 291 2664 eiusdem
311 2600 428 2681 elegiae
450 2601 490 2664 ad
505 2600 658 2664 Periclem
680 2602 815 2682 scriptae
836 2604 960 2682 partem
983 2599 1077 2663 tuisse
1095 2598 1259 2661 verisimile

91 2702 228 2776 videtur,
249 2719 315 2781 quo
337 2699 451 2763 dicitur
471 2701 548 2764 nihil
572 2701 689 2765 mutari
706 2701 803 2781 luctu,
828 2701 902 2764 nihil
927 2701 1056 2778 laetitia,
1077 2705 1108 2763 et
1122 2700 1260 2781 perrexit

91 2804 178 2866 certe
201 2805 313 2881 poeta:
335 2800 559 2866 obliviscamur
579 2803 674 2883 igitur
694 2802 810 2866 doloris
831 2802 1000 2883 potiusque
1023 2821 1081 2863 nos
1102 2799 1258 2864 dedamus

88 2901 241 2965 laetitiae.
283 2897 376 2975 Quod
405 2919 603 2982 quamquam
632 2901 824 2964 Plutarchus
851 2900 1024 2982 vituperat,
1057 2903 1165 2962 tamen
1193 2917 1258 2961 non

162 3084 189 3151 1)
207 3082 260 3149 frg.
274 3083 316 3135 15.

158 3174 185 3239 2)
206 3171 259 3241 frg.
279 3171 319 3226 12.
343 3171 417 3225 Pluh.
436 3172 470 3226 de
494 3174 556 3226 aud.
583 3177 655 3244 poet.
679 3191 700 3228 c.
721 3173 750 3227 6:
777 3174 840 3225 ὅταν
864 3175 892 3225 δέ
917 3170 1083 3243 (Ἀρχίλοχος)
1108 3170 1153 3221 τὸν
1175 3169 1257 3238 ἄνδρα

87 3260 136 3329 τῆς
154 3258 264 3326 οίδελφῆς
280 3259 448 3325 ἠφανισμένον
467 3262 493 3310 ίν
511 3261 631 3334 θαλάσσῃ
648 3263 689 3312 καί
710 3262 747 3330 μή
769 3261 881 3327 τυχόντα
906 3265 1012 3321 νομίμου
1029 3257 1111 3327 ταφῆς
1134 3258 1194 3331 λίχῃ
1213 3277 1257 3316 με·

87 3349 223 3420 τρισίτερον
241 3344 273 3397 ι’ίν
292 3345 340 3412 τήν
359 3346 488 3412 συμφορὰν
506 3349 622 3411 ἐνεγκεῖν,

354 3433 406 3481 »Εἰ
420 3438 501 3483 κείνου
518 3434 625 3501 κεφαλήν
643 3435 685 3483 καί
701 3440 826 3503 χαρίεντα
844 3435 907 3501 μίλη

350 3520 490 3580 Ἥφαιστος
507 3523 660 3584 καθαροῖσιν
678 3524 705 3572 ίν
722 3521 821 3579 εἵμασιν
836 3520 1035 3588 ιίμφεπονήθηι.

158 3605 186 3672 3)
204 3605 255 3675 frg.
278 3605 316 3658 13.
336 3605 409 3659 Pluh.
425 3607 459 3659 de
479 3607 540 3660 aud.
562 3610 635 3674 poet.
653 3624 675 3660 (t.
694 3607 738 3661 12:
759 3610 838 3660 πτίλον
856 3609 869 3660 ὃ
885 3608 1033 3678 Ἀρχίλοχος
1052 3608 1094 3658 othl
1114 3609 1256 3656 ίπαινείται

86 3693 242 3752 λυποίμενος
257 3693 304 3751 μίν
323 3695 366 3744 ent
384 3692 420 3760 τῷ
437 3693 512 3757 ιένδρί
529 3692 576 3759 τῆς
594 3693 704 3762 ιίδελφῆς
722 3695 898 3763 διεφθαρμένῳ
910 3695 975 3745 κατοί
989 3694 1132 3753 θάλασσαν,
1151 3693 1208 3759 οίνῳ
1227 3691 1254 3741 δι’

86 3781 128 3830 καί
144 3778 240 3846 παιδιᾷ
256 3778 319 3845 πρὸς
334 3779 382 3845 τήν
396 3778 480 3846 λύπην
497 3779 632 3844 μοι’χεοθαι
651 3781 829 3842 διανοούμενος*
847 3783 934 3832 αἰτίαν
951 3782 1037 3841 μίνιοι
1055 3781 1127 3844 λόγον
1146 3781 1255 3844 ε”χουοαν

87 3867 191 3934 εἴρηκεν·

367 3947 438 4001 »οὗτε
456 3971 482 4000 τι
501 3950 550 4021 χεὶρ
569 3953 661 4006 κλαίων
677 3953 780 4019 ἰήσομαι
797 3951 854 4003 οὔτε
874 3954 956 4003 aelmon

358 4037 431 4102 θήοον
448 4039 579 4104 τερπωλιίς
595 4041 637 4090 καί
655 4040 750 4098 θαλίας
769 4043 893 4101 totarum
