2946 4734
550 458 755 520 „33-

93 630 239 686 Menandri
258 629 308 700 frg.
328 632 386 695 538,
407 633 437 686 K.
462 634 498 686 lll
517 654 544 704 p.
565 635 612 689 161

257 711 323 771 isar
343 717 447 772 εἰδέναι
466 717 553 794 θέλῃς
571 723 695 784 σεαυτόν,
716 715 791 780 ὅστις
811 717 843 785 εἷ,

257 803 396 875 ἔμβλεψον
415 805 455 865 εἰς
475 804 507 858 τὰ
525 803 660 879 ιινήμαθ’,
680 801 715 867 ὥς
732 802 897 877 ὅδοιποροϊς.

257 887 371 943 ἐνταῦθ’
390 889 477 945 ἔνεστ’
494 888 562 945 ὀστᾶ
581 912 611 947 τε
631 895 678 946 καὶ
696 891 786 965 κου’φη
807 893 885 954 κόνις

256 971 362 1046 ἅνδρῶν
380 976 512 1046 βασιλέων
529 980 575 1032 καὶ
594 978 736 1050 τυράννων
754 983 800 1032 καὶ
819 983 910 1049 σοφοῖν
944 1036 949 1045 ,

235 1100 237 1103 v
257 1064 304 1115 καὶ
317 1061 392 1133 μέγα
412 1063 591 1134 φρονούντων
610 1063 655 1118 ἐπὶ
674 1064 753 1135 γένει
774 1070 821 1120 καί
836 1067 978 1140 χρήμασιν

257 1142 347 1233 autur
367 1168 398 1202 se
417 1148 480 1225 δόξῃ
500 1148 567 1204 xuni
586 1155 679 1206 κάλλει
701 1152 841 1226 σωμάτων.
936 1202 938 1207 ,

257 1232 318 1287 κᾶτ’
335 1231 415 1289 οὐδὲν
434 1235 529 1297 αὐτοῖς
548 1234 631 1291 τοῖνδ’
652 1238 807 1311 ἐπήρκεσεν
822 1241 931 1312 χρόνος,

257 1318 352 1374 κοινὸν
373 1324 421 1375 τὸν
439 1319 509 1396 ᾅδην
527 1325 607 1398 ἔσχον
627 1329 653 1379 οἱ
672 1325 777 1386 πάντες
792 1332 893 1399 βροτοί.

256 1406 325 1481 πρὸς
344 1407 427 1463 ταῦθ’
445 1406 516 1481 <ipsiu
534 1417 652 1482 γίνωσκε
671 1417 779 1482 σαυτόν,
799 1410 872 1474 ὅστις
891 1413 923 1469 sl.
937 1416 954 1484 ¹)

97 1517 183 1569 Plaut.
205 1513 280 1568 Trin.
299 1514 350 1568 419
361 1531 400 1581 sq.
419 1564 426 1567 e

577 1603 670 1639 verum
689 1603 737 1641 nos
756 1586 923 1649 homunculi,

257 1668 378 1724 satillum
397 1671 500 1737 animai
520 1672 567 1741 qui
587 1689 670 1740 quom
689 1674 827 1743 extemplo
843 1676 990 1740 emisimus,

259 1774 345 1825 aequo
364 1757 502 1811 mendicus
520 1762 602 1828 atque
620 1760 667 1815 ille
685 1761 907 1830 opulentissimus

258 1848 383 1898 censetur
401 1862 482 1899 censu
500 1846 535 1899 ad
551 1847 736 1901 Acheruntem
754 1851 885 1902 mortuos.

100 1930 177 1999 Prop.
198 1929 237 1982 III
257 1931 325 1994 5,17

258 2017 349 2085 Lydus
369 2017 491 2072 Dulichio
510 2036 567 2073 non
584 2017 669 2072 distat
687 2019 798 2072 Croesus
816 2018 851 2072 ab
872 2017 923 2071 lro.

96 2105 176 2173 Prop.
196 2103 237 2156 Ill
259 2104 299 2173 18,
312 2105 343 2158 11
354 2123 393 2173 sq.

257 2189 323 2259 quid
341 2208 428 2260 genus
446 2194 495 2245 aut
514 2191 601 2244 virtus
618 2192 668 2243 aut
685 2190 792 2257 optima
808 2188 913 2259 profuit
930 2189 972 2242 illi
1048 2192 1050 2195 ’

310 2280 398 2331 mater
416 2286 443 2331 et
461 2277 618 2345 amplexum
637 2275 757 2329 Caesaris
774 2292 831 2330 esse
850 2275 945 2330 focos‘?

96 2382 118 2415 v.
131 2363 163 2415 21
174 2380 214 2431 sq.
256 2363 302 2416 sed
321 2366 414 2416 tamen
435 2363 487 2416 hoo
506 2378 606 2425 omnes,
626 2361 678 2416 hoc
694 2361 799 2431 primus
817 2367 845 2417 et
862 2362 976 2417 ultimus
993 2363 1073 2417 ordo:

311 2451 352 2502 est
369 2448 451 2515 mala,
471 2448 517 2502 sed
535 2448 638 2502 cunctis
656 2448 712 2502 ista
729 2448 845 2502 terenda
862 2448 908 2503 via
926 2453 972 2503 est.

97 2555 119 2589 v.
131 2536 166 2588 28
176 2554 216 2605 sq.
259 2534 344 2591 Nirea
363 2552 417 2588 non
437 2534 528 2604 facies,
546 2553 601 2590 non
624 2535 663 2589 vis
681 2535 783 2590 exemit
800 2536 944 2604 Achillem,

311 2623 437 2675 Croesum
454 2625 511 2689 aut,
529 2622 635 2677 Pactoli
663 2639 730 2689 quas
747 2622 822 2691 parit
840 2638 927 2690 umor,
947 2639 1018 2692 opes⁴

95 2711 176 2778 Prop.
197 2708 237 2762 IV
256 2708 388 2777 ll‚llsq.

259 2794 325 2863 quid
344 2793 413 2847 mihi
432 2793 589 2863 coniugium
608 2791 695 2861 Pauli,
715 2791 781 2861 quid
800 2810 894 2846 snmus
912 2809 1024 2847 avorum
1037 2792 1057 2859 ¹)

309 2880 413 2950 profuit
432 2885 481 2934 aut
498 2881 590 2934 famae
608 2879 725 2949 pignora
745 2882 826 2933 tanta
843 2878 942 2933 meae?

98 2968 177 3022 Ovid.
198 2985 283 3021 amor.
301 2967 340 3020 Ill
360 2969 385 3032 9,
397 2968 429 3021 19
439 2985 497 3036 sqq.

257 3051 362 3108 scilicet
380 3053 460 3108 omne
478 3071 584 3108 sacrum
602 3068 675 3105 mors
693 3050 852 3120 importuna
869 3047 1008 3118 profanat,

311 3140 437 3193 omnibus
455 3139 582 3193 obscuras
599 3138 680 3193 inicit
697 3138 745 3192 illa
762 3138 873 3190 manus!

258 3224 324 3293 quid
345 3233 423 3294 pater
442 3226 565 3288 Ismario,
585 3225 651 3294 quid
669 3227 758 3277 mater
776 3222 882 3291 profuit
900 3222 1030 3292 Orpheo?
1062 3257 1064 3260 <

63 3306 128 3373 Hos
164 3330 278 3376 onmes
310 3333 379 3376 esse
409 3315 494 3377 locos
531 3331 719 3377 communes
751 3331 790 3374 ex
819 3310 1044 3374 Alexandrinis
1081 3313 1231 3376 carmini-

63 3408 130 3486 bus,
155 3430 241 3492 quae
263 3412 406 3492 epicedia
428 3418 595 3487 vocantur,
618 3416 764 3493 sumptos
785 3410 864 3474 satis
886 3410 949 3473 iam
973 3412 1098 3475 monuit
1124 3412 1232 3476 Mallet

63 3513 186 3588 quaest.
210 3510 305 3592 Prop.
335 3532 366 3592 p.
389 3514 427 3575 57
441 3533 487 3594 sq.
530 3511 661 3589 Quare,
690 3532 730 3574 ne
755 3516 827 3573 acta
858 3529 953 3589 agere
976 3511 1103 3587 videar,
1136 3513 1231 3575 lead

65 3608 239 3673 Malletium
264 3611 375 3692 delego
397 3631 456 3676 nec
479 3613 538 3675 nisi
560 3613 625 3675 duo
647 3612 882 3692 epigrammata
908 3611 1116 3691 anthologiae
1136 3610 1231 3673 Pala·

63 3708 149 3771 tinae
171 3710 322 3773 afferam:

151 3856 305 3922 )l'·onfinia
326 3862 406 3914 sunt,
433 3875 504 3925 quae
531 3861 628 3926 poetae
652 3856 685 3911 de
709 3856 867 3910 divitiarum
888 3855 1040 3923 fragilitate
1064 3858 1229 3922 queruntur:

63 3943 153 3996 Alexis
172 3946 224 4012 frg.
245 3943 304 4010 281,
324 3942 356 3995 Κ.
377 3942 399 3995 ll
422 3961 447 4011 p.
461 3943 528 4004 400;
546 3943 689 3995 Philemon
708 3943 760 4008 frg.
779 3943 834 4002 121,
854 3941 885 3992 K.
902 3942 922 3991 ll
943 3957 969 4006 p.
986 3941 1035 3990 5113
1054 3942 1081 3990 et
1099 3939 1151 4005 frg.
1171 3936 1230 4004 213,

63 4028 92 4080 Κ.
114 4031 135 4081 ll
156 4047 182 4098 p.
202 4028 268 4091 533;
287 4027 470 4096 Apollodorus
489 4027 540 4095 frg.
562 4028 601 4092 16,
622 4027 645 4078 K
674 4027 708 4077 lll
728 4044 753 4094 p.
774 4026 832 4078 293.

130 4118 157 4182 2)
176 4114 230 4169 Sed
248 4113 331 4176 talia,
356 4130 428 4182 quae
452 4111 487 4166 ad
511 4128 663 4166 sermonem
689 4111 866 4180 sepulcralem
891 4113 919 4162 et
942 4105 1150 4161 consolatorium
1169 4122 1229 4173 per-

61 4199 162 4262 tinent,
182 4200 268 4254 etiam
288 4217 321 4254 ex
338 4197 514 4269 philosophia
532 4197 567 4250 ab
594 4196 637 4250 his
655 4197 742 4267 poetis
762 4195 976 4255 assumebantur,
997 4192 1056 4245 vide
1076 4191 1143 4242 Birt.
1163 4190 1230 4242 Mus.

62 4287 149 4343 Rhen.
168 4289 201 4342 Ll
219 4305 247 4357 p.
266 4286 326 4342 503.

1028 4374 1044 4425 3
