2946 4734
535 335 743 398 -49-

138 517 221 597 Quin
244 516 341 580 etiam
368 517 397 578 in
421 519 546 578 tantam
568 515 666 577 animi
689 514 965 595 perturbationem
987 514 1128 578 incidere
1155 532 1229 596 pos-

57 624 141 697 sunt,
165 623 199 683 ut
215 617 274 700 ipsi
293 617 523 689 adulescentea
542 634 646 695 neque
662 614 717 695 qui
730 615 803 690 sint,
827 628 932 696 neque
948 615 1002 678 uhi
1017 615 1089 691 sint,
1112 613 1224 677 sciant.

59 722 182 800 Audias
196 719 279 782 enim
297 715 538 789 Alcesimarchi
562 715 612 777 cui
632 734 760 777 omnem
786 715 902 796 eripuit
922 715 1081 779 rationem
1105 715 1228 778 amicae

56 825 143 901 liuga,
167 821 197 882 in
221 816 326 879 Plauti
346 814 523 878 Cistellaria
545 814 812 877 lamentationem
836 835 863 877 r.
888 816 944 878 211
959 834 1005 897 sq.

255 913 302 968 ubi
320 931 389 975 sum,
409 912 448 965 ibi
466 927 521 964 non
540 930 608 977 sum,
626 911 674 964 ubi
693 927 748 964 non
766 929 834 974 snm,
853 912 919 966 ibist
937 912 1052 982 animus,

256 1001 297 1054 ila
315 1000 351 1053 mi
372 1000 465 1054 omnia
481 1003 546 1052 sunt
564 998 676 1068 ingenia
697 1015 754 1067 eqs.

57 1100 89 1159 et
112 1092 277 1157 Chaereae
298 1090 330 1152 in
352 1087 491 1152 Terentii
509 1087 665 1151 Eunucho
688 1108 717 1150 u.
736 1088 796 1151 305
810 1107 857 1168 sq.

266 1226 267 1229 η
305 1187 395 1242 nescio
412 1186 508 1248 hercle
528 1204 616 1255 neque
634 1187 707 1240 unde
725 1203 787 1241 eam
808 1203 896 1256 neque
914 1203 1045 1255 quorsum
1063 1204 1143 1249 eam:

257 1275 298 1329 ita
315 1291 439 1344 prorsum
463 1274 533 1327 obiit
521 1278 564 1327 tus
583 1292 643 1327 snm
663 1274 723 1327 mei.

57 1366 109 1428 Ad
142 1383 223 1445 quas
265 1363 422 1444 querellas
462 1368 518 1443 opt
520 1364 583 1426 ime
615 1383 648 1426 se
680 1364 907 1426 accommodat
939 1363 988 1440 id,
1029 1331 1117 1445 quod
1151 1363 1230 1426 Pro-

60 1465 181 1547 pertius
203 1463 350 1527 familiari
374 1463 501 1526 cuidam
523 1463 563 1525 de
587 1463 712 1545 puellae
735 1464 865 1527 servitio
887 1463 1043 1544 praedicit
1060 1463 1118 1540 15,
1135 1463 1229 1544 ilsq

255 1564 283 1615 et
301 1578 487 1629 quaecumque
508 1561 589 1623 voles,
608 1561 717 1630 fugient
738 1561 789 1616 tibi
809 1562 892 1616 verba
910 1562 1044 1630 querenti,

310 1664 359 1702 nec
378 1648 487 1716 poteris,
507 1648 555 1716 qui
574 1648 610 1702 sis
629 1653 678 1703 aut
696 1648 752 1717 ubi,
772 1667 848 1704 nosse
867 1649 956 1704 miser.

58 1734 152 1797 Talia
167 1755 244 1798 vero
261 1736 352 1799 nobis
372 1736 457 1817 apud
471 1736 610 1800 Graecos
630 1739 861 1818 quaerentibus
877 1738 1016 1802 occurrit
1037 1737 1230 1802 Aristaeneti

59 1854 109 1915 ep.
131 1834 140 1895 l
162 1835 212 1912 28,
227 1837 264 1899 19
286 1839 321 1895 τί
341 1834 457 1913 πράξαν
464 1861 475 1912 ,·
498 1842 532 1896 τί
551 1845 708 1916 γένυιμαις
738 1841 801 1919 φεῦ
824 1841 889 1898 τῶν
912 1834 1090 1919 α’φορήτιυν
1112 1838 1229 1911 κακῶν,

59 1935 175 1995 παπαὶ
198 1937 263 1995 τῶν
285 1935 433 2015 οἷμέτροις
461 1936 767 2016 κατιβλακευμέυωυ
788 1937 899 2017 ἠθῶν,
932 1942 963 2001 el
985 1935 1099 2000 Achill.
1122 1937 1194 2000 Tal.
1217 1937 1229 1999 l

58 2035 120 2109 9‚7
151 2039 186 2094 τί
214 2033 312 2114 λέγω,·
350 2039 384 2096 τί
419 2039 522 2112 ποιῶ,
560 2039 629 2108 πῶς
658 2033 700 2098 άν
730 2033 857 2116 τύχοιμι
887 2040 943 2118 τῆς
964 2038 1142 2118 s'pcnpcs'cqg,⁸
1172 2035 1230 2097 οιῖκ

58 2124 136 2193 οἶδα
158 2135 219 2214 γάρ
243 2135 300 2207 τοὶς
322 2134 426 2207 ὁδούς.

141 2235 241 2297 Porro
260 2235 388 2299 animi
410 2235 627 2298 mobilitas
649 2236 711 2299 vel
733 2236 847 2300 inter
867 2256 976 2317 spem
995 2239 1228 2318 metumque

56 2334 1228 2418 fluctuati0‚quaamantesvexantur‚acomicispoetis

57 2453 144 2496 cum
166 2433 291 2497 maris
309 2437 430 2497 aestu
451 2436 694 2516 comparari
713 2436 836 2499 solet:
856 2435 989 2512 iuvenis
1006 2436 1062 2516 qui
1080 2435 1228 2500 desiderii

57 2537 87 2595 et
106 2533 264 2614 cupidinis
279 2533 404 2596 undis
396 2553 445 2596 rac
447 2538 542 2611 t‚atur
566 2535 664 2597 verba
684 2535 843 2612 videntur,
867 2555 951 2616 quae
976 2556 1014 2599 ex
1031 2534 1229 2598 Philemonis

57 2631 191 2713 Ephebo
213 2635 342 2697 servata
363 2638 438 2697 sunt
459 2634 552 2713 frgm
575 2635 624 2710 88,
647 2635 683 2697 Κ.
705 2634 782 2716 llp
804 2635 866 2699 485

259 2733 291 2785 οὐ
312 2739 370 2791 τοῖς
388 2734 500 2786 πλέουσι
521 2728 571 2803 τὴν
592 2735 734 2786 θάλατταν
752 2752 864 2803 γινεται

254 2816 367 2890 μόνοισι
380 2824 497 2891 χειμών,
517 2813 553 2880 ὥς
573 2820 675 2883 ἔ,οικεν
695 2816 761 2873 άλλά
783 2823 830 2874 καὶ

256 2913 312 2966 τοῖς
330 2906 514 2977 περιπατοῦσι
533 2927 594 2972 που,
615 2908 714 2979 Λάχης,
734 2906 765 2961 ἐν
783 2907 817 2983 τῇ
835 2907 903 2978 στοᾷ

255 2995 302 3046 καὶ
321 3001 378 3053 τοῖς
395 2995 528 3065 μένουσιν
548 2994 629 3047 ἔνδον
647 2991 678 3047 ἐν
697 3002 757 3054 ταῖς
776 2995 879 3056 οἰκίαις
899 3012 954 3063 eqo.

56 3090 177 3170 Aperte
201 3092 313 3156 autem
335 3089 409 3152 novi
431 3090 565 3153 alicuius
583 3091 736 3154 amatoris
758 3092 860 3155 oratio
879 3091 982 3155 elucet
1004 3109 1043 3152 ex
1059 3089 1226 3153 Menandri

58 3190 239 3268 fragmento
261 3189 331 3264 536,
353 3189 390 3252 Κ.
414 3189 453 3251 ΠΙ
473 3211 503 3271 p.
530 3190 587 3252 159

251 3283 291 3359 μά
313 3284 364 3357 τὴν
381 3287 509 3359 Αθηνιῖν,
532 3284 639 3359 άνιλρες,
663 3283 747 3340 εἰκόν’
768 3290 816 3341 οὐκ
836 3288 887 3360 ἔχω

256 3369 350 3445 adesir
369 3368 469 3444 ὁμοίαν
489 3374 525 3446 τῷ
540 3378 671 3444 γεγονότι
690 3378 845 3447 πράγματι,

255 3460 340 3531 ζητῶν
357 3459 426 3533 πρὸς
445 3459 575 3533 ἐμαυτόν,
597 3465 622 3522 τί
642 3465 743 3534 ταχέως
763 3464 900 3516 ἀπολλύει.

170 3571 175 3581 ⁷
253 3548 400 3619 στρόβιλος,
419 3545 450 3601 ἐν
469 3543 521 3621 ὅσῳ
540 3551 728 3621 συστρέφεται,
748 3551 936 3621 προσέρχεται,

253 3635 431 3704 προςὲβαλεν,
453 3633 608 3709 ἐξὲῤῥιψεν,
627 3632 696 3689 αἰών
713 3640 833 3706 γίνεται.

252 3717 309 3796 ἄλλ’
328 3717 360 3774 ἕν
379 3723 496 3792 πελάγει
516 3726 697 3794 συγκλυσμός.
730 3720 874 3792 ἀναπνοὴν
893 3723 948 3794 ἔχει

249 3803 317 3861 ’Ζεῦ
336 3805 433 3880 σῶτερ
452 3809 542 3862 εἰπεῖν
560 3805 687 3882 ιάντὲγυυ
708 3810 762 3862 τῶν
780 3807 924 3882 σχοινίων’,

249 3893 349 3966 ἑτέραν
366 3903 527 3968 περιμεῖναι
543 3895 666 3969 χάτὲραν
686 3900 845 3969 τρικυμίαν,

249 3986 386 4051 ναυαγίου
406 3978 429 4035 τ’
449 3979 484 4035 clv
501 3980 637 4053 ἐπιλάβοι·
666 3981 718 4053 ἐγώ
740 3984 768 4035 d'
788 3978 862 4040 άπαξ

249 4062 396 4140 άψάμτνὸς
416 4070 471 4141 εἰμι
493 4072 539 4124 καὶ
559 4072 674 4140 φιλήσας
692 4073 722 4124 ἐν
740 4070 824 4141 βυθῷ.
