<?xml version="1.0" encoding="UTF-8"?>
<!DOCTYPE html PUBLIC "-//W3C//DTD XHTML 1.0 Transitional//EN"
    "http://www.w3.org/TR/xhtml1/DTD/xhtml1-transitional.dtd">
<html xmlns="http://www.w3.org/1999/xhtml" xml:lang="en" lang="en">
 <head>
  <title>
</title>
<meta http-equiv="Content-Type" content="text/html;charset=utf-8" />
  <meta name='ocr-system' content='tesseract 3.04.00' />
  <meta name='ocr-capabilities' content='ocr_page ocr_carea ocr_par ocr_line ocrx_word'/>
</head>
<body>
  <div class='ocr_page' id='page_1' title='image "./deincertipoetae00schagoog_0104.png"; bbox 0 0 2946 4734; ppageno 0'>
   <div class='ocr_carea' id='block_1_1' title="bbox 704 233 746 300">
    <p class='ocr_par' dir='ltr' id='par_1_1' title="bbox 704 233 746 300">
     <span class='ocr_line' id='line_1_1' title="bbox 704 233 746 300; baseline 0 0"><span class='ocrx_word' id='word_1_1' title='bbox 704 233 746 300; x_wconf 99' lang='grc'>19</span> 
     </span>
    </p>
   </div>
   <div class='ocr_carea' id='block_1_2' title="bbox 147 409 1303 2395">
    <p class='ocr_par' dir='ltr' id='par_1_2' title="bbox 147 409 1303 2395">
     <span class='ocr_line' id='line_1_2' title="bbox 147 409 1293 499; baseline -0.002 -21"><span class='ocrx_word' id='word_1_2' title='bbox 147 411 367 499; x_wconf 87' lang='lat' dir='ltr'>Hippolyti</span> <span class='ocrx_word' id='word_1_3' title='bbox 378 409 513 477; x_wconf 86' lang='lat' dir='ltr'>fabulae</span> <span class='ocrx_word' id='word_1_4' title='bbox 521 409 784 477; x_wconf 87' lang='lat' dir='ltr'>chorimulieres</span> <span class='ocrx_word' id='word_1_5' title='bbox 792 410 1293 496; x_wconf 77' lang='grc' dir='ltr'><strong><em>σχετλιαζουσι(692)είθαυμά-</em></strong></span> 
     </span>
     <span class='ocr_line' id='line_1_3' title="bbox 149 517 1296 607; baseline -0.001 -20"><span class='ocrx_word' id='word_1_6' title='bbox 149 527 242 600; x_wconf 84' lang='grc' dir='ltr'><strong><em>ζουσι</em></strong></span> <span class='ocrx_word' id='word_1_7' title='bbox 263 531 325 587; x_wconf 87' lang='grc' dir='ltr'>τοῦ</span> <span class='ocrx_word' id='word_1_8' title='bbox 348 523 426 604; x_wconf 82' lang='grc' dir='ltr'><strong><em>βίου</em></strong></span> <span class='ocrx_word' id='word_1_9' title='bbox 448 523 486 585; x_wconf 90' lang='grc' dir='ltr'>τὸ</span> <span class='ocrx_word' id='word_1_10' title='bbox 501 518 687 602; x_wconf 84' lang='grc' dir='ltr'><strong><em>ἀνώμαλον,</em></strong></span> <span class='ocrx_word' id='word_1_11' title='bbox 710 541 785 584; x_wconf 91' lang='lat' dir='ltr'>cum</span> <span class='ocrx_word' id='word_1_12' title='bbox 808 518 947 586; x_wconf 86' lang='lat' dir='ltr'>videant</span> <span class='ocrx_word' id='word_1_13' title='bbox 961 520 1052 607; x_wconf 90' lang='lat' dir='ltr'>pium</span> <span class='ocrx_word' id='word_1_14' title='bbox 1067 517 1296 607; x_wconf 80' lang='lat' dir='ltr'><strong>Hippolytum</strong></span> 
     </span>
     <span class='ocr_line' id='line_1_4' title="bbox 148 622 1294 710; baseline 0 -18"><span class='ocrx_word' id='word_1_15' title='bbox 148 629 221 692; x_wconf 89' lang='lat' dir='ltr'>tam</span> <span class='ocrx_word' id='word_1_16' title='bbox 231 624 353 692; x_wconf 82' lang='lat' dir='ltr'>misere</span> <span class='ocrx_word' id='word_1_17' title='bbox 363 625 552 691; x_wconf 89' lang='lat' dir='ltr'>laceratum</span> <span class='ocrx_word' id='word_1_18' title='bbox 563 622 684 710; x_wconf 89' lang='grc'><strong>(1102).</strong></span> <span class='ocrx_word' id='word_1_19' title='bbox 708 622 872 690; x_wconf 82' lang='lat' dir='ltr'>Medeae</span> <span class='ocrx_word' id='word_1_20' title='bbox 884 623 1020 690; x_wconf 86' lang='lat' dir='ltr'>fabulae</span> <span class='ocrx_word' id='word_1_21' title='bbox 1033 625 1125 690; x_wconf 92' lang='lat' dir='ltr'>chori</span> <span class='ocrx_word' id='word_1_22' title='bbox 1138 624 1294 692; x_wconf 86' lang='lat' dir='ltr'>mulieres</span> 
     </span>
     <span class='ocr_line' id='line_1_5' title="bbox 150 727 1296 814; baseline 0.002 -20"><span class='ocrx_word' id='word_1_23' title='bbox 150 730 325 813; x_wconf 76' lang='grc' dir='ltr'><strong><em>ἐλεύθεραι</em></strong></span> <span class='ocrx_word' id='word_1_24' title='bbox 348 727 446 797; x_wconf 81' lang='grc' dir='ltr'><strong><em>οὖσαι</em></strong></span> <span class='ocrx_word' id='word_1_25' title='bbox 468 731 506 795; x_wconf 92' lang='grc' dir='ltr'>τὸ</span> <span class='ocrx_word' id='word_1_26' title='bbox 529 728 775 812; x_wconf 76' lang='grc' dir='ltr'><strong><em>προϊστάμενον</em></strong></span> <span class='ocrx_word' id='word_1_27' title='bbox 799 728 912 806; x_wconf 80' lang='grc' dir='ltr'><strong><em>αὐτοῖς</em></strong></span> <span class='ocrx_word' id='word_1_28' title='bbox 935 731 1067 795; x_wconf 86' lang='grc' dir='ltr'><strong><em>δίκαιον</em></strong></span> <span class='ocrx_word' id='word_1_29' title='bbox 1089 743 1296 814; x_wconf 79' lang='grc' dir='ltr'><strong><em>προτιμῶσιν</em></strong></span> 
     </span>
     <span class='ocr_line' id='line_1_6' title="bbox 150 832 1297 922; baseline 0 -22"><span class='ocrx_word' id='word_1_30' title='bbox 150 835 250 922; x_wconf 93' lang='grc'><strong>(823).</strong></span> <span class='ocrx_word' id='word_1_31' title='bbox 274 832 578 902; x_wconf 89' lang='lat' dir='ltr'>Andromachae</span> <span class='ocrx_word' id='word_1_32' title='bbox 589 834 726 900; x_wconf 85' lang='lat' dir='ltr'>fabulae</span> <span class='ocrx_word' id='word_1_33' title='bbox 739 833 833 900; x_wconf 91' lang='lat' dir='ltr'>chori</span> <span class='ocrx_word' id='word_1_34' title='bbox 845 834 1003 901; x_wconf 88' lang='lat' dir='ltr'>mulieres</span> <span class='ocrx_word' id='word_1_35' title='bbox 1016 836 1225 918; x_wconf 78' lang='grc' dir='ltr'><strong><em>θαυμάζουσι</em></strong></span> <span class='ocrx_word' id='word_1_36' title='bbox 1237 838 1297 902; x_wconf 85' lang='grc' dir='ltr'>τὸν</span> 
     </span>
     <span class='ocr_line' id='line_1_7' title="bbox 152 938 1297 1027; baseline 0.001 -21"><span class='ocrx_word' id='word_1_37' title='bbox 152 940 266 1025; x_wconf 81' lang='grc' dir='ltr'><strong><em>Πηλέα</em></strong></span> <span class='ocrx_word' id='word_1_38' title='bbox 281 938 381 1026; x_wconf 88' lang='grc'><strong>(766).</strong></span> <span class='ocrx_word' id='word_1_39' title='bbox 427 939 613 1006; x_wconf 84' lang='lat' dir='ltr'>Orestis</span> <span class='ocrx_word' id='word_1_40' title='bbox 637 939 759 1006; x_wconf 84' lang='lat' dir='ltr'>chorus</span> <span class='ocrx_word' id='word_1_41' title='bbox 775 945 938 1024; x_wconf 75' lang='grc' dir='ltr'><strong><em>μερίζεται</em></strong></span> <span class='ocrx_word' id='word_1_42' title='bbox 960 942 1021 1023; x_wconf 80' lang='grc' dir='ltr'>τὴν</span> <span class='ocrx_word' id='word_1_43' title='bbox 1036 943 1173 1025; x_wconf 84' lang='grc' dir='ltr'><strong><em>γνώμην</em></strong></span> <span class='ocrx_word' id='word_1_44' title='bbox 1185 942 1297 1027; x_wconf 80' lang='grc'><strong>(1539)</strong></span> 
     </span>
     <span class='ocr_line' id='line_1_8' title="bbox 150 1044 1296 1133; baseline -0.001 -22"><span class='ocrx_word' id='word_1_45' title='bbox 150 1045 292 1133; x_wconf 87' lang='lat' dir='ltr'>perinde</span> <span class='ocrx_word' id='word_1_46' title='bbox 323 1048 426 1132; x_wconf 80' lang='lat' dir='ltr'>atque</span> <span class='ocrx_word' id='word_1_47' title='bbox 448 1044 799 1131; x_wconf 78' lang='lat' dir='ltr'>Agamemnonis</span> <span class='ocrx_word' id='word_1_48' title='bbox 823 1045 944 1112; x_wconf 91' lang='lat' dir='ltr'>chorus</span> <span class='ocrx_word' id='word_1_49' title='bbox 979 1044 1094 1128; x_wconf 91' lang='lat' dir='ltr'>(schol.</span> <span class='ocrx_word' id='word_1_50' title='bbox 1119 1068 1186 1112; x_wconf 90' lang='lat' dir='ltr'>rec.</span> <span class='ocrx_word' id='word_1_51' title='bbox 1211 1047 1296 1112; x_wconf 89' lang='grc'><strong>1347</strong></span> 
     </span>
     <span class='ocr_line' id='line_1_9' title="bbox 151 1148 1298 1238; baseline 0.001 -21"><span class='ocrx_word' id='word_1_52' title='bbox 151 1149 298 1232; x_wconf 83' lang='lat' dir='ltr'>Wechl)</span> <span class='ocrx_word' id='word_1_53' title='bbox 328 1153 365 1216; x_wconf 88' lang='lat' dir='ltr'>et</span> <span class='ocrx_word' id='word_1_54' title='bbox 395 1148 578 1238; x_wconf 79' lang='lat' dir='ltr'>Septem</span> <span class='ocrx_word' id='word_1_55' title='bbox 606 1151 742 1218; x_wconf 87' lang='lat' dir='ltr'>fabulae</span> <span class='ocrx_word' id='word_1_56' title='bbox 771 1152 892 1217; x_wconf 92' lang='lat' dir='ltr'>chorus</span> <span class='ocrx_word' id='word_1_57' title='bbox 924 1151 1047 1234; x_wconf 84' lang='grc'><strong>(1064).</strong></span> <span class='ocrx_word' id='word_1_58' title='bbox 1091 1150 1144 1218; x_wconf 90' lang='lat' dir='ltr'>De</span> <span class='ocrx_word' id='word_1_59' title='bbox 1167 1151 1298 1218; x_wconf 84' lang='lat' dir='ltr'>Troa-</span> 
     </span>
     <span class='ocr_line' id='line_1_10' title="bbox 152 1253 1300 1342; baseline 0.001 -21"><span class='ocrx_word' id='word_1_60' title='bbox 152 1255 249 1321; x_wconf 92' lang='lat' dir='ltr'>dum</span> <span class='ocrx_word' id='word_1_61' title='bbox 272 1253 372 1321; x_wconf 89' lang='lat' dir='ltr'>choro</span> <span class='ocrx_word' id='word_1_62' title='bbox 395 1254 635 1321; x_wconf 79' lang='lat' dir='ltr'>conferendum</span> <span class='ocrx_word' id='word_1_63' title='bbox 658 1278 684 1322; x_wconf 88' lang='lat' dir='ltr'>s.</span> <span class='ocrx_word' id='word_1_64' title='bbox 703 1256 797 1321; x_wconf 83' lang='lat'>1107.</span> <span class='ocrx_word' id='word_1_65' title='bbox 844 1255 1026 1342; x_wconf 86' lang='lat' dir='ltr'>Septem</span> <span class='ocrx_word' id='word_1_66' title='bbox 1048 1255 1185 1322; x_wconf 88' lang='lat' dir='ltr'>fabulae</span> <span class='ocrx_word' id='word_1_67' title='bbox 1205 1256 1300 1323; x_wconf 92' lang='lat' dir='ltr'>chori</span> 
     </span>
     <span class='ocr_line' id='line_1_11' title="bbox 154 1359 1299 1448; baseline 0.002 -24"><span class='ocrx_word' id='word_1_68' title='bbox 154 1360 304 1446; x_wconf 87' lang='lat' dir='ltr'>virgines</span> <span class='ocrx_word' id='word_1_69' title='bbox 317 1359 494 1443; x_wconf 85' lang='grc' dir='ltr'><strong><em>εύιιτόητοί</em></strong></span> <span class='ocrx_word' id='word_1_70' title='bbox 505 1362 569 1425; x_wconf 85' lang='grc' dir='ltr'><strong><em>είσι</em></strong></span> <span class='ocrx_word' id='word_1_71' title='bbox 580 1361 664 1444; x_wconf 89' lang='grc' dir='ltr'><strong><em>πρὸς</em></strong></span> <span class='ocrx_word' id='word_1_72' title='bbox 670 1364 790 1444; x_wconf 85' lang='grc' dir='ltr'><strong>φόβον,</strong></span> <span class='ocrx_word' id='word_1_73' title='bbox 798 1362 939 1444; x_wconf 82' lang='grc' dir='ltr'><strong><em>μάλιστα</em></strong></span> <span class='ocrx_word' id='word_1_74' title='bbox 952 1360 989 1426; x_wconf 79' lang='grc' dir='ltr'>δὲ</span> <span class='ocrx_word' id='word_1_75' title='bbox 999 1364 1299 1448; x_wconf 87' lang='grc' dir='ltr'><strong><em>πρὸςπολιορκίαν,</em></strong></span> 
     </span>
     <span class='ocr_line' id='line_1_12' title="bbox 153 1463 1297 1551; baseline 0.002 -21"><span class='ocrx_word' id='word_1_76' title='bbox 153 1468 272 1548; x_wconf 93' lang='grc' dir='ltr'><strong><em>δειλαί,</em></strong></span> <span class='ocrx_word' id='word_1_77' title='bbox 294 1466 361 1530; x_wconf 85' lang='grc' dir='ltr'>ὑπὸ</span> <span class='ocrx_word' id='word_1_78' title='bbox 377 1464 523 1547; x_wconf 81' lang='grc' dir='ltr'><strong><em>ἀγωνίας</em></strong></span> <span class='ocrx_word' id='word_1_79' title='bbox 545 1463 624 1530; x_wconf 84' lang='lat' dir='ltr'>deos</span> <span class='ocrx_word' id='word_1_80' title='bbox 641 1469 767 1532; x_wconf 82' lang='lat' dir='ltr'>vocant</span> <span class='ocrx_word' id='word_1_81' title='bbox 782 1465 1020 1551; x_wconf 82' lang='grc' dir='ltr'><strong><em>τεταραγμέναι</em></strong></span> <span class='ocrx_word' id='word_1_82' title='bbox 1043 1469 1108 1550; x_wconf 94' lang='grc'><strong>(78,</strong></span> <span class='ocrx_word' id='word_1_83' title='bbox 1135 1467 1297 1549; x_wconf 90' lang='grc'><strong>107,128,</strong></span> 
     </span>
     <span class='ocr_line' id='line_1_13' title="bbox 155 1569 1300 1652; baseline 0.003 -19"><span class='ocrx_word' id='word_1_84' title='bbox 155 1570 218 1634; x_wconf 90' lang='grc'>134</span> <span class='ocrx_word' id='word_1_85' title='bbox 227 1592 304 1652; x_wconf 84' lang='lat' dir='ltr'>reo,</span> <span class='ocrx_word' id='word_1_86' title='bbox 319 1570 390 1652; x_wconf 83' lang='grc'><strong>158,</strong></span> <span class='ocrx_word' id='word_1_87' title='bbox 404 1570 491 1650; x_wconf 89' lang='grc'><strong>263).</strong></span> <span class='ocrx_word' id='word_1_88' title='bbox 523 1569 788 1636; x_wconf 80' lang='lat' dir='ltr'>Promethei</span> <span class='ocrx_word' id='word_1_89' title='bbox 801 1570 939 1638; x_wconf 87' lang='lat' dir='ltr'>fabulae</span> <span class='ocrx_word' id='word_1_90' title='bbox 953 1570 1048 1638; x_wconf 88' lang='lat' dir='ltr'>chori</span> <span class='ocrx_word' id='word_1_91' title='bbox 1064 1570 1247 1638; x_wconf 89' lang='lat' dir='ltr'>Oceanides</span> <span class='ocrx_word' id='word_1_92' title='bbox 1263 1573 1300 1637; x_wconf 87' lang='lat' dir='ltr'>et</span> 
     </span>
     <span class='ocr_line' id='line_1_14' title="bbox 152 1674 1300 1763; baseline 0.003 -24"><span class='ocrx_word' id='word_1_93' title='bbox 152 1675 247 1762; x_wconf 85' lang='lat' dir='ltr'>ipsae</span> <span class='ocrx_word' id='word_1_94' title='bbox 263 1674 402 1741; x_wconf 87' lang='lat' dir='ltr'>timidae</span> <span class='ocrx_word' id='word_1_95' title='bbox 417 1680 499 1743; x_wconf 85' lang='lat' dir='ltr'>sunt</span> <span class='ocrx_word' id='word_1_96' title='bbox 518 1675 636 1754; x_wconf 89' lang='lat' dir='ltr'>(schol.</span> <span class='ocrx_word' id='word_1_97' title='bbox 653 1698 719 1743; x_wconf 83' lang='lat' dir='ltr'>reo.</span> <span class='ocrx_word' id='word_1_98' title='bbox 736 1677 815 1760; x_wconf 80' lang='grc'><strong>626)</strong></span> <span class='ocrx_word' id='word_1_99' title='bbox 836 1681 872 1742; x_wconf 88' lang='lat' dir='ltr'>et</span> <span class='ocrx_word' id='word_1_100' title='bbox 886 1679 1054 1763; x_wconf 85' lang='lat' dir='ltr'>praebent</span> <span class='ocrx_word' id='word_1_101' title='bbox 1068 1679 1106 1743; x_wconf 90' lang='grc' dir='ltr'>τὸ</span> <span class='ocrx_word' id='word_1_102' title='bbox 1122 1682 1300 1760; x_wconf 86' lang='grc' dir='ltr'><strong><em>περίεργον</em></strong></span> 
     </span>
     <span class='ocr_line' id='line_1_15' title="bbox 153 1781 1301 1869; baseline 0.003 -24"><span class='ocrx_word' id='word_1_103' title='bbox 153 1790 214 1845; x_wconf 87' lang='grc' dir='ltr'>τοῦ</span> <span class='ocrx_word' id='word_1_104' title='bbox 244 1782 475 1863; x_wconf 83' lang='grc' dir='ltr'><strong><em>γυναικώδους</em></strong></span> <span class='ocrx_word' id='word_1_105' title='bbox 497 1782 606 1864; x_wconf 76' lang='grc' dir='ltr'><strong><em>ἤθους</em></strong></span> <span class='ocrx_word' id='word_1_106' title='bbox 636 1781 736 1866; x_wconf 90' lang='grc'><strong>(193).</strong></span> <span class='ocrx_word' id='word_1_107' title='bbox 773 1820 813 1829; x_wconf 89' lang='grc'>-</span> <span class='ocrx_word' id='word_1_108' title='bbox 848 1781 1002 1869; x_wconf 87' lang='lat' dir='ltr'>Denique</span> <span class='ocrx_word' id='word_1_109' title='bbox 1034 1781 1188 1848; x_wconf 86' lang='lat' dir='ltr'>addenda</span> <span class='ocrx_word' id='word_1_110' title='bbox 1218 1781 1301 1848; x_wconf 89' lang='lat' dir='ltr'>haec</span> 
     </span>
     <span class='ocr_line' id='line_1_16' title="bbox 155 1883 1301 1973; baseline 0.001 -23"><span class='ocrx_word' id='word_1_111' title='bbox 155 1884 220 1950; x_wconf 89' lang='lat' dir='ltr'>dno</span> <span class='ocrx_word' id='word_1_112' title='bbox 244 1883 388 1952; x_wconf 86' lang='lat' dir='ltr'>scholia:</span> <span class='ocrx_word' id='word_1_113' title='bbox 413 1885 494 1951; x_wconf 85' lang='lat' dir='ltr'>Eur.</span> <span class='ocrx_word' id='word_1_114' title='bbox 509 1885 635 1952; x_wconf 87' lang='lat' dir='ltr'>Phoen.</span> <span class='ocrx_word' id='word_1_115' title='bbox 655 1888 736 1951; x_wconf 83' lang='grc'><strong>1761</strong></span> <span class='ocrx_word' id='word_1_116' title='bbox 755 1887 888 1973; x_wconf 84' lang='grc' dir='ltr'><strong><em>δχορὸς</em></strong></span> <span class='ocrx_word' id='word_1_117' title='bbox 903 1888 1105 1971; x_wconf 77' lang='grc' dir='ltr'><strong><em>ἀσυμπαθὴς</em></strong></span> <span class='ocrx_word' id='word_1_118' title='bbox 1127 1887 1301 1968; x_wconf 84' lang='grc' dir='ltr'><strong><em>παρθένον</em></strong></span> 
     </span>
     <span class='ocr_line' id='line_1_17' title="bbox 155 1990 1299 2080; baseline 0.002 -24"><span class='ocrx_word' id='word_1_119' title='bbox 155 1991 263 2066; x_wconf 83' lang='grc' dir='ltr'><strong><em>οὕτως</em></strong></span> <span class='ocrx_word' id='word_1_120' title='bbox 277 1990 404 2075; x_wconf 78' lang='grc' dir='ltr'><strong><em>ἀτυχῶς</em></strong></span> <span class='ocrx_word' id='word_1_121' title='bbox 419 1993 613 2074; x_wconf 82' lang='grc' dir='ltr'><strong><em>φεύγουσαν</em></strong></span> <span class='ocrx_word' id='word_1_122' title='bbox 638 1993 683 2074; x_wconf 83' lang='grc' dir='ltr'>μι)</span> <span class='ocrx_word' id='word_1_123' title='bbox 714 1993 936 2075; x_wconf 79' lang='grc' dir='ltr'><strong><em>οίιιτιζόμενος</em></strong></span> <span class='ocrx_word' id='word_1_124' title='bbox 959 1997 995 2058; x_wconf 86' lang='lat' dir='ltr'>et</span> <span class='ocrx_word' id='word_1_125' title='bbox 1009 1991 1110 2058; x_wconf 88' lang='lat' dir='ltr'>schol.</span> <span class='ocrx_word' id='word_1_126' title='bbox 1123 1993 1299 2080; x_wconf 81' lang='lat' dir='ltr'>Aristoph.</span> 
     </span>
     <span class='ocr_line' id='line_1_18' title="bbox 155 2093 1303 2182; baseline 0.003 -21"><span class='ocrx_word' id='word_1_127' title='bbox 155 2093 240 2162; x_wconf 88' lang='lat' dir='ltr'>Ach.</span> <span class='ocrx_word' id='word_1_128' title='bbox 263 2095 328 2160; x_wconf 91' lang='grc'>442</span> <span class='ocrx_word' id='word_1_129' title='bbox 349 2095 476 2182; x_wconf 86' lang='lat' dir='ltr'>(Dind.)</span> <span class='ocrx_word' id='word_1_130' title='bbox 500 2099 556 2161; x_wconf 86' lang='grc' dir='ltr'>διὰ</span> <span class='ocrx_word' id='word_1_131' title='bbox 577 2098 706 2163; x_wconf 87' lang='grc' dir='ltr'><strong><em>τούτων</em></strong></span> <span class='ocrx_word' id='word_1_132' title='bbox 731 2098 791 2162; x_wconf 87' lang='grc' dir='ltr'>τὸν</span> <span class='ocrx_word' id='word_1_133' title='bbox 818 2096 1010 2181; x_wconf 79' lang='grc' dir='ltr'><strong><em>Εὐριπίδην</em></strong></span> <span class='ocrx_word' id='word_1_134' title='bbox 1026 2099 1187 2178; x_wconf 88' lang='grc' dir='ltr'><strong><em>διασύρει.</em></strong></span> <span class='ocrx_word' id='word_1_135' title='bbox 1204 2095 1303 2175; x_wconf 88' lang='grc' dir='ltr'><strong><em>οὗτος</em></strong></span> 
     </span>
     <span class='ocr_line' id='line_1_19' title="bbox 155 2202 1303 2287; baseline 0.003 -21"><span class='ocrx_word' id='word_1_136' title='bbox 155 2202 219 2285; x_wconf 89' lang='grc' dir='ltr'>γὰρ</span> <span class='ocrx_word' id='word_1_137' title='bbox 236 2202 360 2285; x_wconf 87' lang='grc' dir='ltr'><strong><em>είσάγει</em></strong></span> <span class='ocrx_word' id='word_1_138' title='bbox 375 2205 454 2279; x_wconf 86' lang='grc' dir='ltr'><strong><em>τοὺς</em></strong></span> <span class='ocrx_word' id='word_1_139' title='bbox 468 2207 612 2287; x_wconf 78' lang='grc' dir='ltr'><strong><em>χοροὺς.</em></strong></span> <span class='ocrx_word' id='word_1_140' title='bbox 632 2254 638 2267; x_wconf 97' lang='grc'><strong>.</strong></span> <span class='ocrx_word' id='word_1_141' title='bbox 658 2253 664 2267; x_wconf 96' lang='grc'><strong>.</strong></span> <span class='ocrx_word' id='word_1_142' title='bbox 687 2202 763 2267; x_wconf 82' lang='grc' dir='ltr'><strong><em>οὔτε</em></strong></span> <span class='ocrx_word' id='word_1_143' title='bbox 780 2202 939 2286; x_wconf 80' lang='grc' dir='ltr'><strong><em>ἐμπαθῶς</em></strong></span> <span class='ocrx_word' id='word_1_144' title='bbox 954 2202 1303 2287; x_wconf 81' lang='grc' dir='ltr'><strong><em>ἀντιλαμβανομένους</em></strong></span> 
     </span>
     <span class='ocr_line' id='line_1_20' title="bbox 154 2309 486 2395; baseline 0.006 -20"><span class='ocrx_word' id='word_1_145' title='bbox 154 2322 224 2375; x_wconf 86' lang='grc' dir='ltr'>τῶν</span> <span class='ocrx_word' id='word_1_146' title='bbox 246 2309 486 2395; x_wconf 80' lang='grc' dir='ltr'><strong><em>ἀδικηθέντων.</em></strong></span> 
     </span>
    </p>
   </div>
   <div class='ocr_carea' id='block_1_3' title="bbox 157 2415 1390 3031">
    <p class='ocr_par' dir='ltr' id='par_1_3' title="bbox 245 2415 569 2484">
     <span class='ocr_line' id='line_1_21' title="bbox 245 2415 569 2484; baseline 0.006 -2"><span class='ocrx_word' id='word_1_147' title='bbox 245 2415 391 2484; x_wconf 78' lang='lat' dir='ltr'>Terenti</span> <span class='ocrx_word' id='word_1_148' title='bbox 414 2417 569 2484; x_wconf 74' lang='lat' dir='ltr'>Andriae</span> 
     </span>
    </p>

    <p class='ocr_par' dir='ltr' id='par_1_4' title="bbox 157 2521 1390 3031">
     <span class='ocr_line' id='line_1_22' title="bbox 246 2521 1303 2612; baseline -0.002 -21"><span class='ocrx_word' id='word_1_149' title='bbox 246 2521 493 2609; x_wconf 89' lang='lat' dir='ltr'>Pamphilus</span> <span class='ocrx_word' id='word_1_150' title='bbox 510 2523 706 2591; x_wconf 83' lang='lat' dir='ltr'>adulescens</span> <span class='ocrx_word' id='word_1_151' title='bbox 734 2524 951 2592; x_wconf 86' lang='lat' dir='ltr'>vehementer</span> <span class='ocrx_word' id='word_1_152' title='bbox 973 2528 1066 2591; x_wconf 88' lang='lat' dir='ltr'>amat</span> <span class='ocrx_word' id='word_1_153' title='bbox 1089 2524 1209 2612; x_wconf 85' lang='lat' dir='ltr'>(praei.</span> <span class='ocrx_word' id='word_1_154' title='bbox 1231 2525 1251 2589; x_wconf 94' lang='lat' dir='ltr'>I</span> <span class='ocrx_word' id='word_1_155' title='bbox 1273 2526 1303 2605; x_wconf 83' lang='lat'>3,</span> 
     </span>
     <span class='ocr_line' id='line_1_23' title="bbox 157 2624 1390 2714; baseline 0.002 -22"><span class='ocrx_word' id='word_1_156' title='bbox 157 2627 266 2714; x_wconf 87' lang='lat' dir='ltr'>praef.</span> <span class='ocrx_word' id='word_1_157' title='bbox 291 2627 383 2709; x_wconf 86' lang='lat'>111,</span> <span class='ocrx_word' id='word_1_158' title='bbox 408 2628 459 2704; x_wconf 93' lang='grc'>92,</span> <span class='ocrx_word' id='word_1_159' title='bbox 484 2629 602 2711; x_wconf 91' lang='grc'><strong>2361,</strong></span> <span class='ocrx_word' id='word_1_160' title='bbox 627 2629 741 2709; x_wconf 84' lang='grc'><strong>2462,</strong></span> <span class='ocrx_word' id='word_1_161' title='bbox 766 2631 840 2696; x_wconf 89' lang='grc'><strong>278.</strong></span> <span class='ocrx_word' id='word_1_162' title='bbox 853 2633 883 2706; x_wconf 87' lang='grc'>4,</span> <span class='ocrx_word' id='word_1_163' title='bbox 909 2631 982 2696; x_wconf 89' lang='grc'><strong>320.</strong></span> <span class='ocrx_word' id='word_1_164' title='bbox 992 2634 1021 2710; x_wconf 75' lang='grc'>2,</span> <span class='ocrx_word' id='word_1_165' title='bbox 1045 2632 1120 2696; x_wconf 92' lang='grc'><strong>447.</strong></span> <span class='ocrx_word' id='word_1_166' title='bbox 1133 2631 1163 2712; x_wconf 92' lang='grc'>2,</span> <span class='ocrx_word' id='word_1_167' title='bbox 1188 2631 1303 2708; x_wconf 86' lang='grc'><strong>7021,</strong></span> <span class='ocrx_word' id='word_1_168' title='bbox 1389 2624 1390 2627; x_wconf 49' lang='lat'>&#39;</span> 
     </span>
     <span class='ocr_line' id='line_1_24' title="bbox 158 2732 1304 2822; baseline 0.003 -27"><span class='ocrx_word' id='word_1_169' title='bbox 158 2732 338 2816; x_wconf 85' lang='grc'><strong>70812),</strong></span> <span class='ocrx_word' id='word_1_170' title='bbox 371 2755 477 2821; x_wconf 88' lang='lat' dir='ltr'>quare</span> <span class='ocrx_word' id='word_1_171' title='bbox 504 2734 604 2801; x_wconf 87' lang='lat' dir='ltr'>valde</span> <span class='ocrx_word' id='word_1_172' title='bbox 627 2735 749 2799; x_wconf 85' lang='lat' dir='ltr'>metuit</span> <span class='ocrx_word' id='word_1_173' title='bbox 781 2733 998 2801; x_wconf 87' lang='lat' dir='ltr'>Philumenae</span> <span class='ocrx_word' id='word_1_174' title='bbox 1021 2736 1158 2822; x_wconf 83' lang='lat' dir='ltr'>nuptias</span> <span class='ocrx_word' id='word_1_175' title='bbox 1175 2735 1260 2820; x_wconf 89' lang='grc'><strong>(334.</strong></span> <span class='ocrx_word' id='word_1_176' title='bbox 1274 2737 1304 2816; x_wconf 89' lang='grc'>3,</span> 
     </span>
     <span class='ocr_line' id='line_1_25' title="bbox 157 2837 1305 2927; baseline 0.003 -26"><span class='ocrx_word' id='word_1_177' title='bbox 157 2837 268 2923; x_wconf 84' lang='lat' dir='ltr'>praef.</span> <span class='ocrx_word' id='word_1_178' title='bbox 295 2837 353 2903; x_wconf 90' lang='lat' dir='ltr'>III</span> <span class='ocrx_word' id='word_1_179' title='bbox 376 2838 420 2925; x_wconf 92' lang='grc'>2).</span> <span class='ocrx_word' id='word_1_180' title='bbox 480 2839 545 2905; x_wconf 85' lang='lat' dir='ltr'>Est</span> <span class='ocrx_word' id='word_1_181' title='bbox 576 2843 690 2906; x_wconf 87' lang='lat' dir='ltr'>autem</span> <span class='ocrx_word' id='word_1_182' title='bbox 717 2839 808 2906; x_wconf 91' lang='lat' dir='ltr'>filius</span> <span class='ocrx_word' id='word_1_183' title='bbox 833 2840 1080 2907; x_wconf 86' lang='lat' dir='ltr'>verecunduset</span> <span class='ocrx_word' id='word_1_184' title='bbox 1111 2842 1305 2927; x_wconf 83' lang='lat' dir='ltr'>obsequens,</span> 
     </span>
     <span class='ocr_line' id='line_1_26' title="bbox 159 2944 1305 3031; baseline 0.002 -23"><span class='ocrx_word' id='word_1_185' title='bbox 159 2944 265 3028; x_wconf 83' lang='lat' dir='ltr'>quare</span> <span class='ocrx_word' id='word_1_186' title='bbox 285 2947 431 3026; x_wconf 85' lang='lat' dir='ltr'>aestuet,</span> <span class='ocrx_word' id='word_1_187' title='bbox 455 2944 536 3031; x_wconf 90' lang='lat' dir='ltr'>quid</span> <span class='ocrx_word' id='word_1_188' title='bbox 558 2945 664 3011; x_wconf 80' lang='lat' dir='ltr'>faciat</span> <span class='ocrx_word' id='word_1_189' title='bbox 689 2946 776 3024; x_wconf 91' lang='grc'><strong>(684.</strong></span> <span class='ocrx_word' id='word_1_190' title='bbox 794 2949 821 3010; x_wconf 93' lang='grc'>1.</span> <span class='ocrx_word' id='word_1_191' title='bbox 834 2946 864 3025; x_wconf 88' lang='grc'>2,</span> <span class='ocrx_word' id='word_1_192' title='bbox 881 2946 954 3010; x_wconf 82' lang='grc'><strong>696.</strong></span> <span class='ocrx_word' id='word_1_193' title='bbox 968 2945 1071 3027; x_wconf 89' lang='grc'><strong>1,696.</strong></span> <span class='ocrx_word' id='word_1_194' title='bbox 1085 2947 1128 3027; x_wconf 85' lang='grc'><strong>6).</strong></span> <span class='ocrx_word' id='word_1_195' title='bbox 1164 2944 1305 3010; x_wconf 88' lang='lat' dir='ltr'>Omnino</span> 
     </span>
    </p>
   </div>
   <div class='ocr_carea' id='block_1_4' title="bbox 159 3046 874 3136">
    <p class='ocr_par' dir='ltr' id='par_1_5' title="bbox 159 3046 874 3136">
     <span class='ocr_line' id='line_1_27' title="bbox 159 3046 874 3136; baseline 0.007 -26"><span class='ocrx_word' id='word_1_196' title='bbox 159 3046 248 3111; x_wconf 89' lang='lat' dir='ltr'>enim</span> <span class='ocrx_word' id='word_1_197' title='bbox 271 3046 371 3114; x_wconf 87' lang='lat' dir='ltr'>facile</span> <span class='ocrx_word' id='word_1_198' title='bbox 393 3050 571 3115; x_wconf 84' lang='lat' dir='ltr'>affectibus</span> <span class='ocrx_word' id='word_1_199' title='bbox 594 3054 752 3116; x_wconf 85' lang='lat' dir='ltr'>movetur</span> <span class='ocrx_word' id='word_1_200' title='bbox 775 3051 874 3136; x_wconf 91' lang='grc'><strong>(893).</strong></span> 
     </span>
    </p>
   </div>
   <div class='ocr_carea' id='block_1_5' title="bbox 160 3128 1308 3454">
    <p class='ocr_par' dir='ltr' id='par_1_6' title="bbox 160 3128 1308 3454">
     <span class='ocr_line' id='line_1_28' title="bbox 247 3128 1307 3243; baseline 0 -25"><span class='ocrx_word' id='word_1_201' title='bbox 247 3151 299 3219; x_wconf 89' lang='lat' dir='ltr'>De</span> <span class='ocrx_word' id='word_1_202' title='bbox 343 3153 452 3219; x_wconf 83' lang='lat' dir='ltr'>altero</span> <span class='ocrx_word' id='word_1_203' title='bbox 486 3166 638 3221; x_wconf 83' lang='lat' dir='ltr'>amatore</span> <span class='ocrx_word' id='word_1_204' title='bbox 674 3155 861 3222; x_wconf 83' lang='lat' dir='ltr'>Charino</span> <span class='ocrx_word' id='word_1_205' title='bbox 911 3155 947 3221; x_wconf 87' lang='lat' dir='ltr'>id</span> <span class='ocrx_word' id='word_1_206' title='bbox 980 3155 1200 3243; x_wconf 90' lang='lat' dir='ltr'>comperimus</span> <span class='ocrx_word' id='word_1_207' title='bbox 1225 3128 1307 3219; x_wconf 76' lang='lat' dir='ltr'>¹eum</span> 
     </span>
     <span class='ocr_line' id='line_1_29' title="bbox 160 3259 1086 3349; baseline 0.002 -25"><span class='ocrx_word' id='word_1_208' title='bbox 160 3279 283 3341; x_wconf 88' lang='lat' dir='ltr'>amare,</span> <span class='ocrx_word' id='word_1_209' title='bbox 307 3259 349 3326; x_wconf 83' lang='lat' dir='ltr'>cf.</span> <span class='ocrx_word' id='word_1_210' title='bbox 373 3259 490 3342; x_wconf 89' lang='grc'><strong>3062,</strong></span> <span class='ocrx_word' id='word_1_211' title='bbox 514 3262 631 3342; x_wconf 83' lang='grc'><strong>7021,</strong></span> <span class='ocrx_word' id='word_1_212' title='bbox 656 3260 764 3346; x_wconf 87' lang='lat' dir='ltr'>praef.</span> <span class='ocrx_word' id='word_1_213' title='bbox 788 3262 849 3344; x_wconf 85' lang='lat'>13,</span> <span class='ocrx_word' id='word_1_214' title='bbox 873 3263 982 3349; x_wconf 84' lang='lat' dir='ltr'>praef.</span> <span class='ocrx_word' id='word_1_215' title='bbox 1006 3263 1086 3327; x_wconf 82' lang='grc' dir='ltr'><strong>ΠΙ.</strong></span> 
     </span>
     <span class='ocr_line' id='line_1_30' title="bbox 249 3362 1308 3454; baseline -0.003 -23"><span class='ocrx_word' id='word_1_216' title='bbox 249 3362 359 3431; x_wconf 88' lang='lat' dir='ltr'>Simo</span> <span class='ocrx_word' id='word_1_217' title='bbox 383 3388 494 3447; x_wconf 83' lang='lat' dir='ltr'>senex,</span> <span class='ocrx_word' id='word_1_218' title='bbox 517 3365 687 3454; x_wconf 89' lang='lat' dir='ltr'>Pamphili</span> <span class='ocrx_word' id='word_1_219' title='bbox 705 3370 814 3453; x_wconf 86' lang='lat' dir='ltr'>pater,</span> <span class='ocrx_word' id='word_1_220' title='bbox 841 3367 941 3433; x_wconf 90' lang='lat' dir='ltr'>valde</span> <span class='ocrx_word' id='word_1_221' title='bbox 956 3366 1063 3432; x_wconf 91' lang='lat' dir='ltr'>filium</span> <span class='ocrx_word' id='word_1_222' title='bbox 1082 3370 1174 3432; x_wconf 84' lang='lat' dir='ltr'>amat</span> <span class='ocrx_word' id='word_1_223' title='bbox 1197 3368 1233 3431; x_wconf 86' lang='lat' dir='ltr'>et</span> <span class='ocrx_word' id='word_1_224' title='bbox 1255 3366 1308 3430; x_wconf 86' lang='lat' dir='ltr'>est</span> 
     </span>
    </p>
   </div>
   <div class='ocr_carea' id='block_1_6' title="bbox 160 3469 1323 4298">
    <p class='ocr_par' dir='ltr' id='par_1_7' title="bbox 160 3469 1323 4298">
     <span class='ocr_line' id='line_1_31' title="bbox 161 3469 1323 3559; baseline -0.003 -24"><span class='ocrx_word' id='word_1_225' title='bbox 161 3469 339 3557; x_wconf 85' lang='lat' dir='ltr'>indulgens</span> <span class='ocrx_word' id='word_1_226' title='bbox 374 3473 477 3559; x_wconf 90' lang='grc'><strong>(90.1,</strong></span> <span class='ocrx_word' id='word_1_227' title='bbox 502 3473 553 3553; x_wconf 82' lang='grc'>92,</span> <span class='ocrx_word' id='word_1_228' title='bbox 588 3475 703 3553; x_wconf 90' lang='grc'><strong>1381,</strong></span> <span class='ocrx_word' id='word_1_229' title='bbox 730 3474 844 3554; x_wconf 87' lang='grc'><strong>1463,</strong></span> <span class='ocrx_word' id='word_1_230' title='bbox 870 3472 1007 3552; x_wconf 74' lang='grc'><strong>9562),</strong></span> <span class='ocrx_word' id='word_1_231' title='bbox 1033 3472 1086 3537; x_wconf 88' lang='lat' dir='ltr'>oui</span> <span class='ocrx_word' id='word_1_232' title='bbox 1108 3475 1235 3550; x_wconf 83' lang='lat' dir='ltr'>tamen,</span> <span class='ocrx_word' id='word_1_233' title='bbox 1268 3475 1323 3532; x_wconf 56' lang='lat' dir='ltr'>utx</span> 
     </span>
     <span class='ocr_line' id='line_1_32' title="bbox 160 3574 1308 3665; baseline -0.005 -22"><span class='ocrx_word' id='word_1_234' title='bbox 160 3598 224 3664; x_wconf 86' lang='lat' dir='ltr'>par</span> <span class='ocrx_word' id='word_1_235' title='bbox 253 3580 321 3654; x_wconf 85' lang='lat' dir='ltr'>est,</span> <span class='ocrx_word' id='word_1_236' title='bbox 353 3599 456 3645; x_wconf 87' lang='lat' dir='ltr'>cause</span> <span class='ocrx_word' id='word_1_237' title='bbox 483 3579 565 3645; x_wconf 88' lang='lat' dir='ltr'>data</span> <span class='ocrx_word' id='word_1_238' title='bbox 588 3579 766 3662; x_wconf 81' lang='lat' dir='ltr'>irascitur,</span> <span class='ocrx_word' id='word_1_239' title='bbox 802 3582 923 3665; x_wconf 88' lang='lat' dir='ltr'>utpote</span> <span class='ocrx_word' id='word_1_240' title='bbox 954 3578 1012 3664; x_wconf 91' lang='lat' dir='ltr'>qui</span> <span class='ocrx_word' id='word_1_241' title='bbox 1042 3576 1173 3642; x_wconf 92' lang='lat' dir='ltr'>omnino</span> <span class='ocrx_word' id='word_1_242' title='bbox 1196 3574 1250 3639; x_wconf 89' lang='lat' dir='ltr'>ire</span> <span class='ocrx_word' id='word_1_243' title='bbox 1272 3576 1308 3637; x_wconf 86' lang='lat' dir='ltr'>et</span> 
     </span>
     <span class='ocr_line' id='line_1_33' title="bbox 163 3679 1308 3768; baseline -0.004 -20"><span class='ocrx_word' id='word_1_244' title='bbox 163 3683 279 3750; x_wconf 90' lang='lat' dir='ltr'>dolore</span> <span class='ocrx_word' id='word_1_245' title='bbox 311 3682 367 3751; x_wconf 84' lang='lat' dir='ltr'>vel</span> <span class='ocrx_word' id='word_1_246' title='bbox 400 3683 476 3750; x_wconf 84' lang='lat' dir='ltr'>aliis</span> <span class='ocrx_word' id='word_1_247' title='bbox 511 3685 688 3751; x_wconf 86' lang='lat' dir='ltr'>affectibus</span> <span class='ocrx_word' id='word_1_248' title='bbox 724 3684 825 3751; x_wconf 85' lang='lat' dir='ltr'>facile</span> <span class='ocrx_word' id='word_1_249' title='bbox 848 3687 1041 3764; x_wconf 85' lang='lat' dir='ltr'>moveatur,</span> <span class='ocrx_word' id='word_1_250' title='bbox 1077 3702 1182 3768; x_wconf 88' lang='lat' dir='ltr'>quare</span> <span class='ocrx_word' id='word_1_251' title='bbox 1205 3679 1308 3744; x_wconf 87' lang='lat' dir='ltr'>etiem</span> 
     </span>
     <span class='ocr_line' id='line_1_34' title="bbox 162 3784 1307 3879; baseline -0.007 -23"><span class='ocrx_word' id='word_1_252' title='bbox 162 3792 311 3877; x_wconf 84' lang='lat' dir='ltr'>temptat</span> <span class='ocrx_word' id='word_1_253' title='bbox 325 3787 495 3876; x_wconf 88' lang='lat' dir='ltr'>Pamphili</span> <span class='ocrx_word' id='word_1_254' title='bbox 518 3792 663 3856; x_wconf 86' lang='lat' dir='ltr'>animum</span> <span class='ocrx_word' id='word_1_255' title='bbox 684 3814 746 3879; x_wconf 90' lang='lat' dir='ltr'>per</span> <span class='ocrx_word' id='word_1_256' title='bbox 769 3790 875 3857; x_wconf 86' lang='lat' dir='ltr'>falsas</span> <span class='ocrx_word' id='word_1_257' title='bbox 890 3790 1027 3875; x_wconf 84' lang='lat' dir='ltr'>nuptias</span> <span class='ocrx_word' id='word_1_258' title='bbox 1052 3787 1176 3869; x_wconf 86' lang='grc'><strong>(8421,</strong></span> <span class='ocrx_word' id='word_1_259' title='bbox 1194 3784 1307 3862; x_wconf 86' lang='grc'><strong>8601,</strong></span> 
     </span>
     <span class='ocr_line' id='line_1_35' title="bbox 162 3889 1310 3982; baseline -0.01 -19"><span class='ocrx_word' id='word_1_260' title='bbox 162 3896 237 3963; x_wconf 93' lang='grc'><strong>878.</strong></span> <span class='ocrx_word' id='word_1_261' title='bbox 250 3896 280 3977; x_wconf 91' lang='grc'>2,</span> <span class='ocrx_word' id='word_1_262' title='bbox 303 3895 412 3982; x_wconf 85' lang='lat' dir='ltr'>praef.</span> <span class='ocrx_word' id='word_1_263' title='bbox 429 3895 486 3960; x_wconf 90' lang='grc' dir='ltr'>ΠΙ</span> <span class='ocrx_word' id='word_1_264' title='bbox 497 3899 527 3973; x_wconf 81' lang='grc'>6,</span> <span class='ocrx_word' id='word_1_265' title='bbox 549 3897 665 3975; x_wconf 85' lang='grc'><strong>8861,</strong></span> <span class='ocrx_word' id='word_1_266' title='bbox 683 3897 757 3961; x_wconf 89' lang='grc'><strong>464.</strong></span> <span class='ocrx_word' id='word_1_267' title='bbox 771 3896 801 3978; x_wconf 87' lang='grc'>3,</span> <span class='ocrx_word' id='word_1_268' title='bbox 816 3894 921 3982; x_wconf 85' lang='lat' dir='ltr'>praef.</span> <span class='ocrx_word' id='word_1_269' title='bbox 938 3894 1030 3973; x_wconf 85' lang='grc'><strong>111).</strong></span> <span class='ocrx_word' id='word_1_270' title='bbox 1075 3889 1131 3956; x_wconf 84' lang='lat' dir='ltr'>Ad</span> <span class='ocrx_word' id='word_1_271' title='bbox 1149 3909 1310 3954; x_wconf 87' lang='lat' dir='ltr'>summam</span> 
     </span>
     <span class='ocr_line' id='line_1_36' title="bbox 163 3990 1308 4088; baseline -0.01 -22"><span class='ocrx_word' id='word_1_272' title='bbox 163 4004 277 4068; x_wconf 81' lang='lat' dir='ltr'>autem</span> <span class='ocrx_word' id='word_1_273' title='bbox 299 3999 470 4068; x_wconf 87' lang='lat' dir='ltr'>modestus</span> <span class='ocrx_word' id='word_1_274' title='bbox 494 4005 555 4084; x_wconf 79' lang='lat' dir='ltr'>est,</span> <span class='ocrx_word' id='word_1_275' title='bbox 577 3999 765 4088; x_wconf 87' lang='lat' dir='ltr'>placabilis,</span> <span class='ocrx_word' id='word_1_276' title='bbox 789 4000 864 4087; x_wconf 90' lang='lat' dir='ltr'>pius</span> <span class='ocrx_word' id='word_1_277' title='bbox 883 3999 947 4080; x_wconf 90' lang='grc'><strong>(39.</strong></span> <span class='ocrx_word' id='word_1_278' title='bbox 962 3998 990 4079; x_wconf 92' lang='grc'>3,</span> <span class='ocrx_word' id='word_1_279' title='bbox 1015 3995 1089 4061; x_wconf 89' lang='grc'><strong>439.</strong></span> <span class='ocrx_word' id='word_1_280' title='bbox 1104 3994 1132 4059; x_wconf 94' lang='grc'>1.</span> <span class='ocrx_word' id='word_1_281' title='bbox 1146 3994 1176 4074; x_wconf 90' lang='grc'>2,</span> <span class='ocrx_word' id='word_1_282' title='bbox 1199 3990 1308 4080; x_wconf 87' lang='lat' dir='ltr'>praef.</span> 
     </span>
     <span class='ocr_line' id='line_1_37' title="bbox 163 4099 1309 4189; baseline -0.01 -17"><span class='ocrx_word' id='word_1_283' title='bbox 163 4107 225 4189; x_wconf 84' lang='lat'>13,</span> <span class='ocrx_word' id='word_1_284' title='bbox 249 4108 302 4172; x_wconf 89' lang='grc'>77.</span> <span class='ocrx_word' id='word_1_285' title='bbox 315 4106 346 4189; x_wconf 90' lang='grc'>3,</span> <span class='ocrx_word' id='word_1_286' title='bbox 370 4106 479 4188; x_wconf 74' lang='grc'><strong>861).</strong></span> <span class='ocrx_word' id='word_1_287' title='bbox 525 4106 652 4173; x_wconf 80' lang='lat' dir='ltr'>Tamen</span> <span class='ocrx_word' id='word_1_288' title='bbox 679 4106 827 4171; x_wconf 74' lang='lat' dir='ltr'>libenter</span> <span class='ocrx_word' id='word_1_289' title='bbox 852 4102 1073 4189; x_wconf 82' lang='lat' dir='ltr'>sagacitatem</span> <span class='ocrx_word' id='word_1_290' title='bbox 1096 4099 1220 4178; x_wconf 82' lang='lat' dir='ltr'>iactat,</span> <span class='ocrx_word' id='word_1_291' title='bbox 1244 4117 1309 4182; x_wconf 89' lang='lat' dir='ltr'>quo</span> 
     </span>
     <span class='ocr_line' id='line_1_38' title="bbox 162 4201 1312 4298; baseline -0.012 -21"><span class='ocrx_word' id='word_1_292' title='bbox 162 4211 205 4277; x_wconf 83' lang='lat' dir='ltr'>fit</span> <span class='ocrx_word' id='word_1_293' title='bbox 238 4214 281 4276; x_wconf 83' lang='lat' dir='ltr'>ut</span> <span class='ocrx_word' id='word_1_294' title='bbox 307 4233 409 4298; x_wconf 88' lang='lat' dir='ltr'>saepe</span> <span class='ocrx_word' id='word_1_295' title='bbox 432 4211 595 4292; x_wconf 87' lang='lat' dir='ltr'>fallatur,</span> <span class='ocrx_word' id='word_1_296' title='bbox 631 4209 754 4298; x_wconf 89' lang='lat' dir='ltr'>quippe</span> <span class='ocrx_word' id='word_1_297' title='bbox 789 4209 847 4296; x_wconf 89' lang='lat' dir='ltr'>qui</span> <span class='ocrx_word' id='word_1_298' title='bbox 881 4230 935 4272; x_wconf 87' lang='lat' dir='ltr'>res</span> <span class='ocrx_word' id='word_1_299' title='bbox 961 4227 1028 4270; x_wconf 92' lang='lat' dir='ltr'>non</span> <span class='ocrx_word' id='word_1_300' title='bbox 1057 4201 1242 4289; x_wconf 87' lang='lat' dir='ltr'>perspiciat</span> <span class='ocrx_word' id='word_1_301' title='bbox 1271 4219 1312 4263; x_wconf 88' lang='lat' dir='ltr'>ea</span> 
     </span>
    </p>
   </div>
   <div class='ocr_carea' id='block_1_7' title="bbox 162 4303 1311 4464">
    <p class='ocr_par' dir='ltr' id='par_1_8' title="bbox 162 4303 1311 4464">
     <span class='ocr_line' id='line_1_39' title="bbox 162 4303 1311 4464; baseline -0.015 -80"><span class='ocrx_word' id='word_1_302' title='bbox 162 4320 240 4405; x_wconf 86' lang='lat' dir='ltr'>ipsc</span> <span class='ocrx_word' id='word_1_303' title='bbox 262 4319 303 4383; x_wconf 89' lang='lat' dir='ltr'>de</span> <span class='ocrx_word' id='word_1_304' title='bbox 325 4337 445 4397; x_wconf 88' lang='lat' dir='ltr'>causa,</span> <span class='ocrx_word' id='word_1_305' title='bbox 479 4314 569 4403; x_wconf 91' lang='lat' dir='ltr'>quod</span> <span class='ocrx_word' id='word_1_306' title='bbox 589 4314 687 4380; x_wconf 89' lang='lat' dir='ltr'>nimis</span> <span class='ocrx_word' id='word_1_307' title='bbox 712 4312 847 4380; x_wconf 84' lang='lat' dir='ltr'>subtilis</span> <span class='ocrx_word' id='word_1_308' title='bbox 877 4315 930 4377; x_wconf 88' lang='lat' dir='ltr'>est</span> <span class='ocrx_word' id='word_1_309' title='bbox 952 4307 1007 4375; x_wconf 87' lang='lat' dir='ltr'>vel</span> <span class='ocrx_word' id='word_1_310' title='bbox 1031 4327 1166 4464; x_wconf 63' lang='lat' dir='ltr'>operam</span> <span class='ocrx_word' id='word_1_311' title='bbox 1188 4303 1250 4369; x_wconf 86' lang='lat' dir='ltr'>dat</span> <span class='ocrx_word' id='word_1_312' title='bbox 1270 4304 1311 4367; x_wconf 86' lang='lat' dir='ltr'>ut</span> 
     </span>
    </p>
   </div>
   <div class='ocr_carea' id='block_1_8' title="bbox 0 0 1497 4734">
    <p class='ocr_par' dir='ltr' id='par_1_9' title="bbox 0 0 1497 4734">
     <span class='ocr_line' id='line_1_40' title="bbox 0 0 1497 4734; baseline 0 0"><span class='ocrx_word' id='word_1_313' title='bbox 0 0 1497 4734; x_wconf 95' lang='lat' dir='ltr'> </span> 
     </span>
    </p>
   </div>
  </div>
 </body>
</html>
