2946 4734
705 198 860 282 sa'

154 397 262 473 tem‘,
286 415 352 481 quo
366 392 475 480 ipsam
490 392 715 459 oeconomiam
732 392 916 480 neglegere
931 393 1033 462 licere
1049 399 1169 482 poetae
1186 401 1301 466 censet

155 497 349 579 scholiasta,
383 497 481 564 modo
515 501 555 563 ut
590 497 839 584 spectatoribus
862 522 929 565 non
961 498 1047 565 nihil
1075 503 1205 588 prosit,
1238 503 1299 569 Pb.

155 606 258 671 357.1
286 603 538 686 ,communis
561 603 689 671 locus
717 606 753 671 in
775 604 957 672 avaritiam
978 607 1300 692 generalitate

154 711 473 799 approbatior:
505 709 666 777 facillime
698 711 786 777 enim
813 710 854 777 de
877 711 1028 778 omnibus
1051 711 1114 778 hoe
1137 734 1236 800 quam
1259 713 1300 780 de
1361 702 1364 708 ⁴

153 814 362 903 Demiphone
386 814 555 897 creditur,
588 818 625 881 et
646 814 722 882 ideo
747 815 968 902 „ignoratur“
996 816 1084 883 dixit
1106 819 1143 884 et
1166 818 1299 905 „negle-

152 920 282 1008 gitur“,
305 942 374 986 non
390 920 569 1007 ,ignorat‘
593 929 629 986 et
646 920 819 1008 „neglegit
833 920 1040 1008 Demipho“‘
1056 922 1092 1005 ι·),
1115 922 1181 988 An.
1195 925 1300 989 679.4

154 1024 301 1108 ,utilis
323 1026 565 1092 sententia
598 1048 677 1113 pro
710 1026 921 1114 sapiente
955 1031 1076 1093 contra
1104 1027 1298 1110 fortunam‘,

151 1130 218 1197 Ad.
254 1130 317 1195 592
356 1130 448 1214 ‚haec
482 1151 603 1197 scaena
635 1131 737 1218 plena
779 1138 832 1198 est
869 1132 1210 1199 sententiarum
1246 1134 1300 1202 ad

153 1236 326 1302 officia
348 1235 730 1311 demonstranda‘‚
753 1235 943 1319 Ρ11.241.2,
967 1237 1033 1304 An.
1050 1238 1166 1320 9311,
1182 1240 1297 1322 511.1,

152 1342 274 1427 Antig.
298 1342 362 1407 295
396 1343 829 1425 γνώμη.σημείωσαι
863 1341 959 1425 περὶ
990 1347 1297 1428 φιλαργυρίας,

151 1446 235 1512 Ant.
260 1447 322 1512 631
347 1447 365 1513 ὁ
389 1450 520 1531 λόγος
542 1435 874 1531 παροιμιακῶς,
902 1450 1005 1514 ὁπότε
1045 1445 1090 1532 μὴ
1124 1460 1298 1538 στοχασμῷ

151 1553 320 1637 χρώμεθα,
344 1551 414 1617 ἀλλ’
439 1553 599 1617 αὐτόπται
621 1564 689 1617 τῶν
711 1553 913 1636 πραγμάτων
936 1556 1118 1637 γινόμεθα,
1152 1553 1208 1620 Ai.
1233 1556 1297 1620 523

153 1659 274 1743 σχεδὸν
289 1658 345 1722 διὰ
359 1658 488 1723 τούτων
501 1669 568 1722 τῶν
584 1658 713 1742 ἰάμβων
728 1659 864 1742 ἤρτηται
879 1660 917 1724 τὸ
932 1657 1008 1741 περὶ
1025 1661 1232 1745 εὐχαριστίας
1243 1657 1298 1726 καὶ.

152 1764 352 1849 ἀχαριστίας,
367 1762 421 1829 Ai.
437 1762 531 1844 1266,
548 1764 612 1829 760
627 1762 669 1829 cf.
687 1762 790 1830 etiam
803 1764 875 1843 125,
889 1763 968 1831 Ηοο.
988 1764 1071 1830 1187
1088 1763 1204 1850 (schol.
1218 1765 1298 1850 rec.)

152 1868 1296 1954 γνωμικόν.φιλοσοφώταταἅγαντὰρήματα,1)οα.Αιι(1ν.

152 1975 255 2038 555.1
282 1972 531 2055 ,sententia
565 1977 786 2058 procurari,
820 1972 932 2040 Prom.
957 1976 999 2040 35
1022 1977 1156 2059 γνώμη,
1184 1974 1296 2044 Prom.

152 2079 232 2160 685,
266 2077 319 2143 El.
344 2079 407 2143 972
440 2081 475 2144 et
500 2100 617 2166 saepe,
650 2078 770 2146 Aesch.
795 2080 857 2146 vit.
889 2092 1016 2164 γνῶμαι
1049 2080 1090 2145 οὐ
1112 2082 1202 2146 πάνυ
1225 2080 1295 2148 scil.

151 2182 241 2271 apud
263 2182 469 2270 Aeschylum
492 2183 723 2266 inveniuntur,
748 2183 871 2251 Phoen.
896 2186 951 2251 ὑπ.
975 2188 1013 2251 τὸ
1036 2187 1146 2268 δρᾶμα
1163 2237 1169 2250 .
1187 2236 1194 2251 .
1211 2210 1296 2268 γνω-

150 2300 223 2371 μῶν
245 2291 368 2372 μεστόν
397 2288 466 2354 ἐστι
497 2294 631 2355 πολλῶν
651 2313 685 2354 τε
708 2288 762 2355 καὶ
785 2296 906 2356 καλῶν.
952 2291 1067 2358 Verba
1088 2296 1202 2359 autem
1225 2315 1297 2365 rem

153 2393 278 2481 optime
288 2393 516 2480 significantia
525 2396 740 2462 παιδευτικόν
751 2420 782 2460 τι
794 2398 936 2479 ἔγκειται
947 2405 992 2484 τῷ
1004 2400 1092 2485 λόγω
1105 2397 1160 2464 νοΙ
1172 2398 1296 2465 similia
1373 2458 1376 2463 .

151 2499 186 2563 in
209 2497 261 2564 his
285 2498 420 2565 scholiis
443 2499 641 2582 invenimus,
664 2523 749 2587 quae
772 2502 846 2567 fere
869 2501 980 2567 omnia
1002 2502 1092 2589 apud
1116 2503 1237 2570 Trend.
1261 2527 1294 2591 p.

152 2603 216 2669 128
228 2626 298 2692 sqq.
322 2608 463 2672 enotata
486 2609 579 2671 sunt:
604 2605 641 2671 Ο.
669 2606 706 2671 R.
730 2607 804 2686 946,
827 2606 883 2672 Ai.
901 2606 973 2687 118,
999 2608 1036 2672 Ο.
1060 2609 1101 2674 R.
1124 2609 1204 2690 314,
1238 2608 1293 2675 Αἱ.

152 2709 246 2791 1093,
260 2709 356 2776 Eum.
370 2711 422 2794 95,
441 2711 519 2776 Hec.
533 2712 596 2776 228
613 2714 687 2795 (om.
703 2711 839 2794 Trend.)
855 2714 1146 2778 εὐπαίδευτον
1169 2719 1293 2780 τοῦτό

150 2813 220 2879 ἐστι
243 2819 322 2898 κτλ,
347 2815 402 2881 Ai.
417 2815 477 2880 161
502 2816 730 2902 (omTrend.)
753 2820 1011 2894 κοινωνικὸς
1034 2819 1051 2886 ὁ
1075 2823 1204 2902 λόγος
1225 2819 1293 2885 καὶ

152 2920 477 3005 φιλάνθρωπος,
501 2920 556 2987 Ai.
581 2922 648 3001 ὑπ,
673 2923 746 3001 646,
774 2923 867 3003 1319,
883 2924 947 2988 780
970 2925 1045 3006 (om.
1063 2923 1200 3009 Trend.)
1224 2925 1294 2989 διὰ

150 3023 319 3088 πόντων
342 3026 541 3091 διδάσκει
566 3025 615 3091 ὃτι
631 3039 746 3109 κρατεῖ
754 3039 821 3092 τῶν
834 3027 1061 3108 ἀνθρωπίνων
1076 3027 1096 3111 ἡ
1113 3027 1293 3112 εἱμαρμένη

149 3126 203 3192 καὶ
226 3140 353 3212 γνῶναι
382 3127 444 3212 μὲν
467 3133 506 3196 τὰ
528 3131 670 3214 ἐσόμενα
692 3134 747 3197 διὰ
770 3143 827 3216 τῆς
849 3143 1009 3216 μαντικῆς
1031 3133 1137 3210 ἐστιν,
1169 3134 1210 3199 οὐ
1232 3131 1294 3216 μὲν

148 3232 202 3297 καὶ
227 3235 439 3318 φυλάξασθαι
463 3238 619 3317 δυνατόν,
643 3237 695 3301 El.
706 3237 759 3320 23,
773 3238 815 3302 cf.
833 3238 935 3304 etiam
951 3236 1006 3302 Αἱ.
1023 3237 1096 3316 815,
1114 3240 1295 3323 praeterea
1424 3271 1428 3281 ·

150 3338 207 3403 Or.
230 3339 296 3405 414
319 3339 432 3426 (schol.
457 3356 547 3428 rec),
570 3341 626 3407 Αἱ.
652 3343 745 3407 1085.

235 3463 316 3529 Alio
350 3464 470 3531 deinde
504 3465 600 3532 modo
641 3465 683 3532 dc
715 3466 869 3532 utilitate
904 3466 1075 3531 sententia
1104 3465 1293 3551 significata

148 3568 251 3634 estin
266 3567 319 3635 his
335 3569 489 3636 scholiis:
513 3572 599 3636 Don.
616 3572 701 3636 Eun.
716 3571 820 3636 2442
845 3571 1071 3653 ‚vehementer
1093 3571 1292 3637 invectus

148 3676 219 3740 est
249 3673 528 3764 intempora
564 3682 772 3744 etmores
805 3676 988 3742 subhac
1011 3698 1223 3763 persona,
1256 3675 1292 3739 in

148 3781 222 3864 qua‘
254 3782 335 3861 etc,
378 3781 470 3847 cuius
503 3783 608 3848 verba
642 3783 713 3863 ‚sub
743 3782 806 3848 hac
837 3785 992 3869 persona‘
1024 3781 1241 3869 reperiuntur
1265 3803 1289 3846 s.

147 3884 254 3950 4022
289 3886 379 3966 ,sub
419 3887 615 3953 obtentu
648 3887 816 3953 militis
849 3910 889 3954 ea
923 3887 1075 3954 stultitia
1109 3885 1292 3972 descripsit

147 3989 298 4058 breviter
320 3991 474 4059 comitem
497 3993 628 4079 regium
651 3998 891 4081 acceptumque
905 3993 1113 4080 imperatori‘
1128 3992 1163 4069 ²),
1187 3994 1288 4056 2321

239 4226 265 4292 l)
283 4223 495 4279 Animadvertas
515 4227 680 4281 scholiastae
699 4227 900 4297 interpretandi
918 4229 1060 4281 rationem.

234 4315 262 4384 2)
285 4313 438 4368 Verborum
458 4317 548 4383 gratia
567 4316 694 4371 conferas
711 4334 733 4371 e.
745 4335 769 4385 g.
783 4318 867 4371 schol.
887 4317 971 4371 Andr.
983 4322 1035 4372 445
1057 4325 1146 4371 ταῦτα
1170 4312 1228 4371 ἐπὶ
1246 4326 1290 4388 τῷ

1029 4412 1045 4462 6
1053 4410 1067 4442 >t
