<?xml version="1.0" encoding="UTF-8"?>
<!DOCTYPE html PUBLIC "-//W3C//DTD XHTML 1.0 Transitional//EN"
    "http://www.w3.org/TR/xhtml1/DTD/xhtml1-transitional.dtd">
<html xmlns="http://www.w3.org/1999/xhtml" xml:lang="en" lang="en">
 <head>
  <title>
</title>
<meta http-equiv="Content-Type" content="text/html;charset=utf-8" />
  <meta name='ocr-system' content='tesseract 3.04.00' />
  <meta name='ocr-capabilities' content='ocr_page ocr_carea ocr_par ocr_line ocrx_word'/>
</head>
<body>
  <div class='ocr_page' id='page_1' title='image "./deincertipoetae00schagoog_0195.png"; bbox 0 0 2946 4734; ppageno 0'>
   <div class='ocr_carea' id='block_1_1' title="bbox 633 340 839 402">
    <p class='ocr_par' dir='ltr' id='par_1_1' title="bbox 633 340 839 402">
     <span class='ocr_line' id='line_1_1' title="bbox 633 340 839 402; baseline 0.01 -20"><span class='ocrx_word' id='word_1_1' title='bbox 633 340 839 402; x_wconf 71' lang='lat'>..020-</span> 
     </span>
    </p>
   </div>
   <div class='ocr_carea' id='block_1_2' title="bbox 149 508 1021 1030">
    <p class='ocr_par' dir='ltr' id='par_1_2' title="bbox 149 508 1021 1030">
     <span class='ocr_line' id='line_1_2' title="bbox 255 508 952 589; baseline 0.017 -29"><span class='ocrx_word' id='word_1_2' title='bbox 255 510 296 568; x_wconf 86' lang='grc' dir='ltr'>τίς</span> <span class='ocrx_word' id='word_1_3' title='bbox 313 508 474 581; x_wconf 74' lang='grc' dir='ltr'><strong><em>πλοκάμους</em></strong></span> <span class='ocrx_word' id='word_1_4' title='bbox 492 513 616 584; x_wconf 76' lang='grc' dir='ltr'><em>Μελίτης</em></span> <span class='ocrx_word' id='word_1_5' title='bbox 636 511 756 576; x_wconf 63' lang='lat' dir='ltr'>adaldado</span> <span class='ocrx_word' id='word_1_6' title='bbox 775 511 793 587; x_wconf 79' lang='grc' dir='ltr'><strong><em>ἧ</em></strong></span> <span class='ocrx_word' id='word_1_7' title='bbox 811 517 952 589; x_wconf 80' lang='grc' dir='ltr'><em>πυρόεντα</em></span> 
     </span>
     <span class='ocr_line' id='line_1_3' title="bbox 324 592 969 674; baseline 0.017 -26"><span class='ocrx_word' id='word_1_8' title='bbox 324 592 436 668; x_wconf 78' lang='grc' dir='ltr'><em>ὄμματα</em></span> <span class='ocrx_word' id='word_1_9' title='bbox 456 600 503 652; x_wconf 83' lang='grc' dir='ltr'>καί</span> <span class='ocrx_word' id='word_1_10' title='bbox 521 599 616 673; x_wconf 77' lang='grc' dir='ltr'><strong><em>δειρῆς</em></strong></span> <span class='ocrx_word' id='word_1_11' title='bbox 636 601 743 673; x_wconf 77' lang='grc' dir='ltr'><em>φέγγος</em></span> <span class='ocrx_word' id='word_1_12' title='bbox 762 600 969 674; x_wconf 82' lang='grc' dir='ltr'><strong><em>άποπλάσεται;</em></strong></span> 
     </span>
     <span class='ocr_line' id='line_1_4' title="bbox 254 681 1021 768; baseline 0.017 -34"><span class='ocrx_word' id='word_1_13' title='bbox 254 681 309 735; x_wconf 79' lang='grc' dir='ltr'>ποῦ</span> <span class='ocrx_word' id='word_1_14' title='bbox 326 681 463 752; x_wconf 65' lang='grc' dir='ltr'>πλάσταις</span> <span class='ocrx_word' id='word_1_15' title='bbox 477 685 532 738; x_wconf 82' lang='grc' dir='ltr'><em>ποῦ</em></span> <span class='ocrx_word' id='word_1_16' title='bbox 550 686 568 738; x_wconf 84' lang='lat' dir='ltr'>d</span> <span class='ocrx_word' id='word_1_17' title='bbox 573 682 581 700; x_wconf 91' lang='lat'><em>&#39;</em></span> <span class='ocrx_word' id='word_1_18' title='bbox 601 687 654 740; x_wconf 83' lang='grc' dir='ltr'>εἰσί</span> <span class='ocrx_word' id='word_1_19' title='bbox 672 687 817 758; x_wconf 70' lang='grc' dir='ltr'><strong><em>λιθάξοοι;</em></strong></span> <span class='ocrx_word' id='word_1_20' title='bbox 835 691 940 763; x_wconf 81' lang='grc' dir='ltr'><strong><em>ἔπρεπε</em></strong></span> <span class='ocrx_word' id='word_1_21' title='bbox 960 697 1021 768; x_wconf 75' lang='lat' dir='ltr'>wip</span> 
     </span>
     <span class='ocr_line' id='line_1_5' title="bbox 233 767 923 851; baseline 0.019 -32"><span class='ocrx_word' id='word_1_22' title='bbox 233 831 235 835; x_wconf 23' lang='grc' dir='ltr'>ι</span> <span class='ocrx_word' id='word_1_23' title='bbox 322 770 418 845; x_wconf 76' lang='grc' dir='ltr'><strong><em>μορφῇ</em></strong></span> <span class='ocrx_word' id='word_1_24' title='bbox 436 767 504 841; x_wconf 78' lang='grc' dir='ltr'><em>νηὸν</em></span> <span class='ocrx_word' id='word_1_25' title='bbox 524 771 600 843; x_wconf 79' lang='grc' dir='ltr'><em>ἔχειν</em></span> <span class='ocrx_word' id='word_1_26' title='bbox 618 771 655 834; x_wconf 77' lang='grc' dir='ltr'>άς</span> <span class='ocrx_word' id='word_1_27' title='bbox 672 775 808 849; x_wconf 84' lang='grc' dir='ltr'><em>μακάρων</em></span> <span class='ocrx_word' id='word_1_28' title='bbox 825 776 923 851; x_wconf 80' lang='grc' dir='ltr'>ξοάνῳ.</span> 
     </span>
     <span class='ocr_line' id='line_1_6' title="bbox 149 863 805 951; baseline 0.014 -26"><span class='ocrx_word' id='word_1_29' title='bbox 149 863 232 926; x_wconf 92' lang='lat' dir='ltr'>Tum</span> <span class='ocrx_word' id='word_1_30' title='bbox 255 863 459 928; x_wconf 91' lang='lat' dir='ltr'>meminimus</span> <span class='ocrx_word' id='word_1_31' title='bbox 481 865 622 931; x_wconf 91' lang='lat' dir='ltr'>locorum</span> <span class='ocrx_word' id='word_1_32' title='bbox 646 868 805 951; x_wconf 83' lang='lat' dir='ltr'>Propertii</span> 
     </span>
     <span class='ocr_line' id='line_1_7' title="bbox 184 960 347 1030; baseline 0.018 -18"><span class='ocrx_word' id='word_1_33' title='bbox 184 960 347 1030; x_wconf 47' lang='lat' dir='ltr'>Hdssm</span> 
     </span>
    </p>
   </div>
   <div class='ocr_carea' id='block_1_3' title="bbox 305 1047 1062 1208">
    <p class='ocr_par' dir='ltr' id='par_1_3' title="bbox 305 1047 1062 1208">
     <span class='ocr_line' id='line_1_8' title="bbox 305 1047 1049 1116; baseline 0.011 -15"><span class='ocrx_word' id='word_1_34' title='bbox 305 1048 328 1101; x_wconf 85' lang='lat' dir='ltr'>si</span> <span class='ocrx_word' id='word_1_35' title='bbox 346 1047 407 1116; x_wconf 86' lang='lat' dir='ltr'>quis</span> <span class='ocrx_word' id='word_1_36' title='bbox 428 1048 489 1102; x_wconf 83' lang='lat' dir='ltr'>vult</span> <span class='ocrx_word' id='word_1_37' title='bbox 506 1049 582 1102; x_wconf 84' lang='lat' dir='ltr'>fama</span> <span class='ocrx_word' id='word_1_38' title='bbox 600 1050 708 1104; x_wconf 82' lang='lat' dir='ltr'>tabulas</span> <span class='ocrx_word' id='word_1_39' title='bbox 728 1052 836 1107; x_wconf 85' lang='lat' dir='ltr'>anteire</span> <span class='ocrx_word' id='word_1_40' title='bbox 854 1056 976 1108; x_wconf 81' lang='lat' dir='ltr'>vetustas</span> <span class='ocrx_word' id='word_1_41' title='bbox 1046 1079 1049 1084; x_wconf 92' lang='lat'><em>·</em></span> 
     </span>
     <span class='ocr_line' id='line_1_9' title="bbox 368 1134 1062 1208; baseline 0.01 -21"><span class='ocrx_word' id='word_1_42' title='bbox 368 1134 413 1188; x_wconf 89' lang='lat' dir='ltr'>hic</span> <span class='ocrx_word' id='word_1_43' title='bbox 429 1134 570 1190; x_wconf 88' lang='lat' dir='ltr'>dominam</span> <span class='ocrx_word' id='word_1_44' title='bbox 589 1138 712 1206; x_wconf 85' lang='lat' dir='ltr'>exemplo</span> <span class='ocrx_word' id='word_1_45' title='bbox 732 1141 820 1206; x_wconf 84' lang='lat' dir='ltr'>ponat</span> <span class='ocrx_word' id='word_1_46' title='bbox 839 1138 869 1192; x_wconf 91' lang='lat' dir='ltr'>in</span> <span class='ocrx_word' id='word_1_47' title='bbox 886 1143 946 1193; x_wconf 86' lang='lat' dir='ltr'>arte</span> <span class='ocrx_word' id='word_1_48' title='bbox 963 1156 1062 1208; x_wconf 77' lang='lat' dir='ltr'>meam,</span> 
     </span>
    </p>
   </div>
   <div class='ocr_carea' id='block_1_4' title="bbox 185 1229 945 1470">
    <p class='ocr_par' dir='ltr' id='par_1_4' title="bbox 185 1229 945 1470">
     <span class='ocr_line' id='line_1_10' title="bbox 185 1229 384 1297; baseline 0 -15"><span class='ocrx_word' id='word_1_49' title='bbox 185 1232 213 1282; x_wconf 88' lang='lat' dir='ltr'>et</span> <span class='ocrx_word' id='word_1_50' title='bbox 234 1229 245 1281; x_wconf 97' lang='lat' dir='ltr'>l</span> <span class='ocrx_word' id='word_1_51' title='bbox 266 1229 291 1296; x_wconf 80' lang='lat'>2,</span> <span class='ocrx_word' id='word_1_52' title='bbox 301 1229 333 1281; x_wconf 75' lang='lat'>21</span> <span class='ocrx_word' id='word_1_53' title='bbox 344 1246 384 1297; x_wconf 89' lang='lat' dir='ltr'>sq.</span> 
     </span>
     <span class='ocr_line' id='line_1_11' title="bbox 304 1313 945 1384; baseline -0.003 -15"><span class='ocrx_word' id='word_1_54' title='bbox 304 1314 349 1369; x_wconf 86' lang='lat' dir='ltr'>sed</span> <span class='ocrx_word' id='word_1_55' title='bbox 368 1313 450 1368; x_wconf 84' lang='lat' dir='ltr'>facies</span> <span class='ocrx_word' id='word_1_56' title='bbox 469 1314 565 1368; x_wconf 85' lang='lat' dir='ltr'>aderat</span> <span class='ocrx_word' id='word_1_57' title='bbox 584 1313 665 1366; x_wconf 88' lang='lat' dir='ltr'>nullis</span> <span class='ocrx_word' id='word_1_58' title='bbox 684 1313 804 1368; x_wconf 86' lang='lat' dir='ltr'>obnoxia</span> <span class='ocrx_word' id='word_1_59' title='bbox 820 1314 945 1384; x_wconf 81' lang='lat' dir='ltr'>gemmis,</span> 
     </span>
     <span class='ocr_line' id='line_1_12' title="bbox 360 1399 915 1470; baseline 0.002 -17"><span class='ocrx_word' id='word_1_60' title='bbox 360 1400 448 1469; x_wconf 85' lang='lat' dir='ltr'>qualis</span> <span class='ocrx_word' id='word_1_61' title='bbox 468 1399 584 1470; x_wconf 83' lang='lat' dir='ltr'>Apelleis</span> <span class='ocrx_word' id='word_1_62' title='bbox 602 1402 643 1454; x_wconf 86' lang='lat' dir='ltr'>est</span> <span class='ocrx_word' id='word_1_63' title='bbox 664 1400 738 1453; x_wconf 87' lang='lat' dir='ltr'>color</span> <span class='ocrx_word' id='word_1_64' title='bbox 756 1400 785 1453; x_wconf 90' lang='lat' dir='ltr'>in</span> <span class='ocrx_word' id='word_1_65' title='bbox 805 1401 915 1454; x_wconf 86' lang='lat' dir='ltr'>tabulis.</span> 
     </span>
    </p>
   </div>
   <div class='ocr_carea' id='block_1_5' title="bbox 147 1490 1379 3343">
    <p class='ocr_par' dir='ltr' id='par_1_5' title="bbox 147 1490 1379 2272">
     <span class='ocr_line' id='line_1_13' title="bbox 231 1490 1319 1577; baseline -0.004 -19"><span class='ocrx_word' id='word_1_66' title='bbox 231 1495 348 1558; x_wconf 83' lang='lat' dir='ltr'>Erotici</span> <span class='ocrx_word' id='word_1_67' title='bbox 371 1515 510 1576; x_wconf 88' lang='lat' dir='ltr'>quoque,</span> <span class='ocrx_word' id='word_1_68' title='bbox 532 1495 586 1576; x_wconf 92' lang='lat' dir='ltr'>qui</span> <span class='ocrx_word' id='word_1_69' title='bbox 609 1496 771 1571; x_wconf 86' lang='lat' dir='ltr'>dicuntur,</span> <span class='ocrx_word' id='word_1_70' title='bbox 794 1496 965 1577; x_wconf 81' lang='lat' dir='ltr'>scriptores</span> <span class='ocrx_word' id='word_1_71' title='bbox 981 1494 1068 1558; x_wconf 88' lang='lat' dir='ltr'>illam</span> <span class='ocrx_word' id='word_1_72' title='bbox 1086 1493 1242 1576; x_wconf 82' lang='lat' dir='ltr'>pulchrae</span> <span class='ocrx_word' id='word_1_73' title='bbox 1256 1490 1319 1554; x_wconf 91' lang='lat' dir='ltr'>vir-</span> 
     </span>
     <span class='ocr_line' id='line_1_14' title="bbox 150 1590 1318 1676; baseline -0.003 -20"><span class='ocrx_word' id='word_1_74' title='bbox 150 1594 231 1673; x_wconf 84' lang='lat' dir='ltr'>ginis</span> <span class='ocrx_word' id='word_1_75' title='bbox 261 1613 335 1657; x_wconf 90' lang='lat' dir='ltr'>cum</span> <span class='ocrx_word' id='word_1_76' title='bbox 365 1596 444 1657; x_wconf 83' lang='lat' dir='ltr'>deae</span> <span class='ocrx_word' id='word_1_77' title='bbox 472 1595 644 1658; x_wconf 87' lang='lat' dir='ltr'>simulacro</span> <span class='ocrx_word' id='word_1_78' title='bbox 675 1595 950 1676; x_wconf 79' lang='lat' dir='ltr'>comparationem</span> <span class='ocrx_word' id='word_1_79' title='bbox 979 1594 1068 1659; x_wconf 90' lang='lat' dir='ltr'>haud</span> <span class='ocrx_word' id='word_1_80' title='bbox 1097 1592 1195 1658; x_wconf 84' lang='lat' dir='ltr'>semel</span> <span class='ocrx_word' id='word_1_81' title='bbox 1226 1590 1318 1655; x_wconf 91' lang='lat' dir='ltr'>adhi-</span> 
     </span>
     <span class='ocr_line' id='line_1_15' title="bbox 149 1685 1319 1780; baseline -0.004 -24"><span class='ocrx_word' id='word_1_82' title='bbox 149 1694 304 1757; x_wconf 84' lang='lat' dir='ltr'>buerunt:</span> <span class='ocrx_word' id='word_1_83' title='bbox 336 1694 496 1758; x_wconf 88' lang='lat' dir='ltr'>Heliodor.</span> <span class='ocrx_word' id='word_1_84' title='bbox 527 1694 554 1756; x_wconf 95' lang='grc' dir='ltr'>ΙΙ</span> <span class='ocrx_word' id='word_1_85' title='bbox 576 1695 624 1769; x_wconf 82' lang='grc'>33,</span> <span class='ocrx_word' id='word_1_86' title='bbox 643 1695 683 1757; x_wconf 81' lang='grc'>49</span> <span class='ocrx_word' id='word_1_87' title='bbox 715 1695 768 1754; x_wconf 83' lang='grc' dir='ltr'>καὶ</span> <span class='ocrx_word' id='word_1_88' title='bbox 798 1691 884 1756; x_wconf 77' lang='grc' dir='ltr'><strong><em>ὅπου</em></strong></span> <span class='ocrx_word' id='word_1_89' title='bbox 907 1694 948 1780; x_wconf 75' lang='grc' dir='ltr'>δή</span> <span class='ocrx_word' id='word_1_90' title='bbox 972 1700 1152 1776; x_wconf 71' lang='grc' dir='ltr'><strong><em>φαινομένη</em></strong></span> <span class='ocrx_word' id='word_1_91' title='bbox 1174 1694 1264 1754; x_wconf 79' lang='grc' dir='ltr'><em>ναῶν</em></span> <span class='ocrx_word' id='word_1_92' title='bbox 1298 1685 1319 1775; x_wconf 78' lang='grc' dir='ltr'><em>ἢ</em></span> 
     </span>
     <span class='ocr_line' id='line_1_16' title="bbox 149 1786 1379 1883; baseline -0.002 -29"><span class='ocrx_word' id='word_1_93' title='bbox 149 1791 282 1872; x_wconf 78' lang='grc' dir='ltr'><em>δρόμων</em></span> <span class='ocrx_word' id='word_1_94' title='bbox 318 1790 501 1876; x_wconf 78' lang='grc' dir='ltr'>ἢοῖγορῶν,</span> <span class='ocrx_word' id='word_1_95' title='bbox 531 1790 689 1870; x_wconf 62' lang='grc' dir='ltr'><strong><em>καθάπερ</em></strong></span> <span class='ocrx_word' id='word_1_96' title='bbox 720 1794 908 1873; x_wconf 74' lang='grc' dir='ltr'>α’ρχέιυπον</span> <span class='ocrx_word' id='word_1_97' title='bbox 939 1791 1071 1874; x_wconf 73' lang='grc' dir='ltr'><em>ἄγαλμα</em></span> <span class='ocrx_word' id='word_1_98' title='bbox 1094 1795 1212 1855; x_wconf 82' lang='grc' dir='ltr'><em>πᾶσαν</em></span> <span class='ocrx_word' id='word_1_99' title='bbox 1236 1786 1319 1877; x_wconf 78' lang='grc' dir='ltr'>ὄψιν</span> <span class='ocrx_word' id='word_1_100' title='bbox 1375 1876 1379 1883; x_wconf 16' lang='grc' dir='ltr'><strong><em>ἢ</em></strong></span> 
     </span>
     <span class='ocr_line' id='line_1_17' title="bbox 148 1887 1318 1975; baseline -0.002 -21"><span class='ocrx_word' id='word_1_101' title='bbox 148 1893 201 1954; x_wconf 81' lang='grc' dir='ltr'>καὶ</span> <span class='ocrx_word' id='word_1_102' title='bbox 225 1889 372 1953; x_wconf 79' lang='grc' dir='ltr'>διάνοιαν</span> <span class='ocrx_word' id='word_1_103' title='bbox 402 1892 453 1972; x_wconf 82' lang='grc' dir='ltr'>ἐφ’</span> <span class='ocrx_word' id='word_1_104' title='bbox 483 1891 586 1975; x_wconf 77' lang='grc' dir='ltr'><em>αὑτήν</em></span> <span class='ocrx_word' id='word_1_105' title='bbox 616 1893 815 1974; x_wconf 76' lang='grc' dir='ltr'><strong><em>ἐπιστρέφει.</em></strong></span> <span class='ocrx_word' id='word_1_106' title='bbox 867 1894 1029 1957; x_wconf 86' lang='lat' dir='ltr'>Heliodor.</span> <span class='ocrx_word' id='word_1_107' title='bbox 1051 1892 1127 1970; x_wconf 83' lang='lat' dir='ltr'>X9,</span> <span class='ocrx_word' id='word_1_108' title='bbox 1147 1892 1184 1955; x_wconf 84' lang='lat'>51</span> <span class='ocrx_word' id='word_1_109' title='bbox 1218 1887 1318 1970; x_wconf 80' lang='grc' dir='ltr'><strong><em>οἶγάλ·</em></strong></span> 
     </span>
     <span class='ocr_line' id='line_1_18' title="bbox 147 1988 1316 2074; baseline -0.001 -22"><span class='ocrx_word' id='word_1_110' title='bbox 147 2015 227 2072; x_wconf 82' lang='grc' dir='ltr'>ματι</span> <span class='ocrx_word' id='word_1_111' title='bbox 262 1994 346 2052; x_wconf 66' lang='grc' dir='ltr'><strong><em>θεοῦ</em></strong></span> <span class='ocrx_word' id='word_1_112' title='bbox 376 1990 476 2052; x_wconf 71' lang='grc' dir='ltr'><strong><em>πλέον</em></strong></span> <span class='ocrx_word' id='word_1_113' title='bbox 511 1988 532 2074; x_wconf 69' lang='grc' dir='ltr'><em>ἢ</em></span> <span class='ocrx_word' id='word_1_114' title='bbox 565 1996 672 2073; x_wconf 66' lang='grc' dir='ltr'><em>θνητῇ</em></span> <span class='ocrx_word' id='word_1_115' title='bbox 709 1993 831 2070; x_wconf 79' lang='grc' dir='ltr'>γυναικὶ</span> <span class='ocrx_word' id='word_1_116' title='bbox 862 1996 1138 2074; x_wconf 79' lang='grc' dir='ltr'><strong><em>προςεικαζομένη.</em></strong></span> <span class='ocrx_word' id='word_1_117' title='bbox 1203 1989 1316 2054; x_wconf 80' lang='lat' dir='ltr'>Achill.</span> 
     </span>
     <span class='ocr_line' id='line_1_19' title="bbox 148 2086 1317 2176; baseline -0.004 -21"><span class='ocrx_word' id='word_1_118' title='bbox 148 2092 219 2155; x_wconf 80' lang='lat' dir='ltr'>Tar.</span> <span class='ocrx_word' id='word_1_119' title='bbox 240 2091 266 2152; x_wconf 97' lang='lat' dir='ltr'>V</span> <span class='ocrx_word' id='word_1_120' title='bbox 287 2092 332 2168; x_wconf 85' lang='lat' dir='ltr'>ll,</span> <span class='ocrx_word' id='word_1_121' title='bbox 350 2092 369 2152; x_wconf 90' lang='lat'>5</span> <span class='ocrx_word' id='word_1_122' title='bbox 390 2094 527 2169; x_wconf 81' lang='grc' dir='ltr'><em>γυναῖκα</em></span> <span class='ocrx_word' id='word_1_123' title='bbox 542 2091 602 2170; x_wconf 80' lang='grc' dir='ltr'>γάρ</span> <span class='ocrx_word' id='word_1_124' title='bbox 620 2092 774 2172; x_wconf 71' lang='grc' dir='ltr'><em>ἐξέμηιέν</em></span> <span class='ocrx_word' id='word_1_125' title='bbox 789 2093 841 2153; x_wconf 82' lang='grc' dir='ltr'>ἐπ’</span> <span class='ocrx_word' id='word_1_126' title='bbox 858 2092 962 2154; x_wconf 74' lang='grc' dir='ltr'><em>αὐτόν</em></span> <span class='ocrx_word' id='word_1_127' title='bbox 984 2088 1075 2154; x_wconf 82' lang='grc' dir='ltr'>πάνυ</span> <span class='ocrx_word' id='word_1_128' title='bbox 1092 2086 1207 2176; x_wconf 75' lang='grc' dir='ltr'><em>καλήν,</em></span> <span class='ocrx_word' id='word_1_129' title='bbox 1231 2086 1317 2153; x_wconf 78' lang='grc' dir='ltr'><strong><em>ὥστε</em></strong></span> 
     </span>
     <span class='ocr_line' id='line_1_20' title="bbox 148 2185 706 2272; baseline -0.004 -19"><span class='ocrx_word' id='word_1_130' title='bbox 148 2189 191 2253; x_wconf 81' lang='lat' dir='ltr'>o&#39;c&#39;r</span> <span class='ocrx_word' id='word_1_131' title='bbox 213 2190 292 2253; x_wconf 75' lang='grc' dir='ltr'>ἰδών</span> <span class='ocrx_word' id='word_1_132' title='bbox 314 2188 418 2272; x_wconf 60' lang='lat' dir='ltr'>odaria</span> <span class='ocrx_word' id='word_1_133' title='bbox 441 2188 544 2261; x_wconf 81' lang='grc' dir='ltr'><strong><em>εἴποις</em></strong></span> <span class='ocrx_word' id='word_1_134' title='bbox 566 2185 706 2269; x_wconf 78' lang='grc' dir='ltr'><em>ἄγαλμα.</em></span> 
     </span>
    </p>

    <p class='ocr_par' dir='ltr' id='par_1_6' title="bbox 150 2297 1318 2677">
     <span class='ocr_line' id='line_1_21' title="bbox 231 2297 1318 2379; baseline -0.001 -18"><span class='ocrx_word' id='word_1_135' title='bbox 231 2298 315 2376; x_wconf 88' lang='lat' dir='ltr'>Quin</span> <span class='ocrx_word' id='word_1_136' title='bbox 338 2298 435 2361; x_wconf 85' lang='lat' dir='ltr'>etiam</span> <span class='ocrx_word' id='word_1_137' title='bbox 457 2316 703 2378; x_wconf 84' lang='lat' dir='ltr'>nonnumquam</span> <span class='ocrx_word' id='word_1_138' title='bbox 724 2301 871 2361; x_wconf 89' lang='lat' dir='ltr'>amantes</span> <span class='ocrx_word' id='word_1_139' title='bbox 895 2297 1116 2361; x_wconf 83' lang='lat' dir='ltr'>adulescentes</span> <span class='ocrx_word' id='word_1_140' title='bbox 1138 2300 1171 2360; x_wconf 88' lang='lat' dir='ltr'>et</span> <span class='ocrx_word' id='word_1_141' title='bbox 1191 2297 1318 2379; x_wconf 85' lang='lat' dir='ltr'>puellae</span> 
     </span>
     <span class='ocr_line' id='line_1_22' title="bbox 150 2397 1318 2479; baseline -0.001 -18"><span class='ocrx_word' id='word_1_142' title='bbox 150 2417 279 2461; x_wconf 91' lang='lat' dir='ltr'>omnem</span> <span class='ocrx_word' id='word_1_143' title='bbox 299 2398 476 2459; x_wconf 84' lang='lat' dir='ltr'>humanam</span> <span class='ocrx_word' id='word_1_144' title='bbox 499 2397 634 2459; x_wconf 85' lang='lat' dir='ltr'>formam</span> <span class='ocrx_word' id='word_1_145' title='bbox 659 2401 830 2478; x_wconf 82' lang='lat' dir='ltr'>superant,</span> <span class='ocrx_word' id='word_1_146' title='bbox 862 2402 897 2460; x_wconf 90' lang='lat' dir='ltr'>ut</span> <span class='ocrx_word' id='word_1_147' title='bbox 920 2397 1082 2475; x_wconf 83' lang='lat' dir='ltr'>homines,</span> <span class='ocrx_word' id='word_1_148' title='bbox 1113 2397 1146 2461; x_wconf 94' lang='lat' dir='ltr'>in</span> <span class='ocrx_word' id='word_1_149' title='bbox 1175 2417 1258 2479; x_wconf 91' lang='lat' dir='ltr'>quos</span> <span class='ocrx_word' id='word_1_150' title='bbox 1278 2399 1318 2461; x_wconf 91' lang='lat' dir='ltr'>de</span> 
     </span>
     <span class='ocr_line' id='line_1_23' title="bbox 152 2496 1317 2579; baseline 0.002 -19"><span class='ocrx_word' id='word_1_151' title='bbox 152 2497 326 2579; x_wconf 89' lang='lat' dir='ltr'>improviso</span> <span class='ocrx_word' id='word_1_152' title='bbox 356 2496 517 2572; x_wconf 86' lang='lat' dir='ltr'>incidunt,</span> <span class='ocrx_word' id='word_1_153' title='bbox 547 2497 638 2577; x_wconf 87' lang='lat' dir='ltr'>quasi</span> <span class='ocrx_word' id='word_1_154' title='bbox 661 2497 793 2559; x_wconf 92' lang='lat' dir='ltr'>deorum</span> <span class='ocrx_word' id='word_1_155' title='bbox 818 2500 951 2577; x_wconf 89' lang='lat' dir='ltr'>aspectu</span> <span class='ocrx_word' id='word_1_156' title='bbox 972 2498 1131 2577; x_wconf 88' lang='lat' dir='ltr'>perterriti</span> <span class='ocrx_word' id='word_1_157' title='bbox 1155 2502 1317 2579; x_wconf 80' lang='lat' dir='ltr'>stupeant.</span> 
     </span>
     <span class='ocr_line' id='line_1_24' title="bbox 151 2595 1231 2677; baseline 0.004 -17"><span class='ocrx_word' id='word_1_158' title='bbox 151 2596 202 2660; x_wconf 83' lang='lat' dir='ltr'>Sic</span> <span class='ocrx_word' id='word_1_159' title='bbox 223 2595 358 2676; x_wconf 91' lang='lat' dir='ltr'>legimus</span> <span class='ocrx_word' id='word_1_160' title='bbox 380 2596 467 2676; x_wconf 91' lang='lat' dir='ltr'>apud</span> <span class='ocrx_word' id='word_1_161' title='bbox 488 2596 711 2658; x_wconf 86' lang='lat' dir='ltr'>Damoxenum</span> <span class='ocrx_word' id='word_1_162' title='bbox 734 2596 792 2676; x_wconf 88' lang='lat' dir='ltr'>l&#39;rg.</span> <span class='ocrx_word' id='word_1_163' title='bbox 814 2595 925 2658; x_wconf 90' lang='lat' dir='ltr'>incert.</span> <span class='ocrx_word' id='word_1_164' title='bbox 949 2598 977 2672; x_wconf 83' lang='lat'>3,</span> <span class='ocrx_word' id='word_1_165' title='bbox 1000 2597 1037 2659; x_wconf 90' lang='lat' dir='ltr'>K.</span> <span class='ocrx_word' id='word_1_166' title='bbox 1053 2596 1093 2659; x_wconf 96' lang='lat' dir='ltr'>lll</span> <span class='ocrx_word' id='word_1_167' title='bbox 1114 2617 1145 2677; x_wconf 89' lang='lat' dir='ltr'>p.</span> <span class='ocrx_word' id='word_1_168' title='bbox 1168 2599 1231 2664; x_wconf 84' lang='lat'>353</span> 
     </span>
    </p>

    <p class='ocr_par' dir='ltr' id='par_1_7' title="bbox 151 2693 1320 3343">
     <span class='ocr_line' id='line_1_25' title="bbox 558 2693 970 2773; baseline 0 -21"><span class='ocrx_word' id='word_1_169' title='bbox 558 2703 672 2758; x_wconf 79' lang='grc' dir='ltr'><em>νεανίας</em></span> <span class='ocrx_word' id='word_1_170' title='bbox 691 2719 734 2760; x_wconf 80' lang='grc' dir='ltr'>τις</span> <span class='ocrx_word' id='word_1_171' title='bbox 752 2697 911 2773; x_wconf 80' lang='grc' dir='ltr'><em>ἐσφαίριζεν</em></span> <span class='ocrx_word' id='word_1_172' title='bbox 930 2693 970 2759; x_wconf 79' lang='grc' dir='ltr'>εἷς</span> 
     </span>
     <span class='ocr_line' id='line_1_26' title="bbox 362 2783 740 2852; baseline 0 -14"><span class='ocrx_word' id='word_1_173' title='bbox 362 2783 431 2838; x_wconf 81' lang='grc' dir='ltr'><em>ε’τών</em></span> <span class='ocrx_word' id='word_1_174' title='bbox 449 2788 466 2852; x_wconf 91' lang='lat'>†</span> <span class='ocrx_word' id='word_1_175' title='bbox 482 2788 499 2851; x_wconf 89' lang='lat'><strong>†</strong></span> <span class='ocrx_word' id='word_1_176' title='bbox 516 2789 533 2852; x_wconf 89' lang='lat'><strong>†</strong></span> <span class='ocrx_word' id='word_1_177' title='bbox 552 2785 740 2839; x_wconf 72' lang='grc' dir='ltr'><em>ἑπτακαίδεκα</em></span> 
     </span>
     <span class='ocr_line' id='line_1_27' title="bbox 368 2867 1112 2945; baseline 0 -21"><span class='ocrx_word' id='word_1_178' title='bbox 368 2871 459 2932; x_wconf 77' lang='grc' dir='ltr'><strong><em>Κῷος·</em></strong></span> <span class='ocrx_word' id='word_1_179' title='bbox 488 2867 574 2931; x_wconf 71' lang='grc' dir='ltr'><strong><em>θεοὺς</em></strong></span> <span class='ocrx_word' id='word_1_180' title='bbox 592 2868 647 2943; x_wconf 76' lang='grc' dir='ltr'>γάρ</span> <span class='ocrx_word' id='word_1_181' title='bbox 666 2869 783 2940; x_wconf 76' lang='grc' dir='ltr'><em>φαίνεθ’</em></span> <span class='ocrx_word' id='word_1_182' title='bbox 803 2868 818 2942; x_wconf 76' lang='grc' dir='ltr'><em>ἦ</em></span> <span class='ocrx_word' id='word_1_183' title='bbox 838 2871 921 2941; x_wconf 77' lang='grc' dir='ltr'><strong><em>νῆσος</em></strong></span> <span class='ocrx_word' id='word_1_184' title='bbox 940 2870 1039 2945; x_wconf 66' lang='grc' dir='ltr'><strong><em>φέρειν</em></strong></span> <span class='ocrx_word' id='word_1_185' title='bbox 1058 2888 1112 2939; x_wconf 79' lang='lat' dir='ltr'>equ.</span> 
     </span>
     <span class='ocr_line' id='line_1_28' title="bbox 151 2964 1320 3048; baseline 0.001 -21"><span class='ocrx_word' id='word_1_186' title='bbox 151 2964 296 3041; x_wconf 86' lang='lat' dir='ltr'>Quocum</span> <span class='ocrx_word' id='word_1_187' title='bbox 317 2968 472 3047; x_wconf 79' lang='lat' dir='ltr'>congruit,</span> <span class='ocrx_word' id='word_1_188' title='bbox 489 2969 575 3048; x_wconf 90' lang='lat' dir='ltr'>quod</span> <span class='ocrx_word' id='word_1_189' title='bbox 588 2969 732 3031; x_wconf 89' lang='lat' dir='ltr'>Donatus</span> <span class='ocrx_word' id='word_1_190' title='bbox 745 2969 784 3030; x_wconf 90' lang='lat' dir='ltr'>de</span> <span class='ocrx_word' id='word_1_191' title='bbox 796 2967 961 3030; x_wconf 90' lang='lat' dir='ltr'>Menandri</span> <span class='ocrx_word' id='word_1_192' title='bbox 974 2966 1116 3030; x_wconf 90' lang='lat' dir='ltr'>Phasma</span> <span class='ocrx_word' id='word_1_193' title='bbox 1134 2969 1167 3030; x_wconf 92' lang='lat' dir='ltr'>te</span> <span class='ocrx_word' id='word_1_194' title='bbox 1183 2965 1320 3030; x_wconf 84' lang='lat' dir='ltr'>adnotat</span> 
     </span>
     <span class='ocr_line' id='line_1_29' title="bbox 152 3066 1319 3148; baseline 0.002 -21"><span class='ocrx_word' id='word_1_195' title='bbox 152 3066 194 3127; x_wconf 86' lang='lat' dir='ltr'>ad</span> <span class='ocrx_word' id='word_1_196' title='bbox 216 3066 356 3129; x_wconf 83' lang='lat' dir='ltr'>Terentii</span> <span class='ocrx_word' id='word_1_197' title='bbox 381 3067 526 3130; x_wconf 83' lang='lat' dir='ltr'>Eunuch.</span> <span class='ocrx_word' id='word_1_198' title='bbox 545 3068 624 3148; x_wconf 92' lang='lat' dir='ltr'>prol.</span> <span class='ocrx_word' id='word_1_199' title='bbox 649 3071 724 3131; x_wconf 73' lang='lat' dir='ltr'>utl:</span> <span class='ocrx_word' id='word_1_200' title='bbox 821 3067 907 3148; x_wconf 92' lang='lat' dir='ltr'>quod</span> <span class='ocrx_word' id='word_1_201' title='bbox 934 3086 1007 3128; x_wconf 91' lang='lat' dir='ltr'>cum</span> <span class='ocrx_word' id='word_1_202' title='bbox 1039 3066 1319 3131; x_wconf 84' lang='lat' dir='ltr'>animadvertisset</span> 
     </span>
     <span class='ocr_line' id='line_1_30' title="bbox 151 3163 1320 3247; baseline 0.003 -23"><span class='ocrx_word' id='word_1_203' title='bbox 151 3163 353 3242; x_wconf 88' lang='lat' dir='ltr'>adulescens,</span> <span class='ocrx_word' id='word_1_204' title='bbox 385 3167 524 3246; x_wconf 89' lang='lat' dir='ltr'>primum</span> <span class='ocrx_word' id='word_1_205' title='bbox 557 3170 689 3247; x_wconf 88' lang='lat' dir='ltr'>aspectu</span> <span class='ocrx_word' id='word_1_206' title='bbox 717 3167 872 3247; x_wconf 87' lang='lat' dir='ltr'>pulchrae</span> <span class='ocrx_word' id='word_1_207' title='bbox 902 3166 1032 3246; x_wconf 88' lang='lat' dir='ltr'>virginis</span> <span class='ocrx_word' id='word_1_208' title='bbox 1060 3167 1148 3229; x_wconf 91' lang='lat' dir='ltr'>velut</span> <span class='ocrx_word' id='word_1_209' title='bbox 1177 3166 1320 3230; x_wconf 88' lang='lat' dir='ltr'>numinis</span> 
     </span>
     <span class='ocr_line' id='line_1_31' title="bbox 152 3263 1256 3343; baseline 0.006 -20"><span class='ocrx_word' id='word_1_210' title='bbox 152 3263 221 3324; x_wconf 90' lang='lat' dir='ltr'>visu</span> <span class='ocrx_word' id='word_1_211' title='bbox 242 3264 406 3343; x_wconf 88' lang='lat' dir='ltr'>perculsus</span> <span class='ocrx_word' id='word_1_212' title='bbox 429 3266 611 3329; x_wconf 85' lang='lat' dir='ltr'>exhorruit:</span> <span class='ocrx_word' id='word_1_213' title='bbox 634 3268 721 3329; x_wconf 87' lang='lat' dir='ltr'>unde</span> <span class='ocrx_word' id='word_1_214' title='bbox 743 3266 885 3329; x_wconf 86' lang='lat' dir='ltr'>Phasma</span> <span class='ocrx_word' id='word_1_215' title='bbox 908 3271 955 3329; x_wconf 90' lang='lat' dir='ltr'>est</span> <span class='ocrx_word' id='word_1_216' title='bbox 977 3286 1094 3328; x_wconf 91' lang='lat' dir='ltr'>nomen</span> <span class='ocrx_word' id='word_1_217' title='bbox 1115 3265 1256 3330; x_wconf 83' lang='lat' dir='ltr'>fabulae.</span> 
     </span>
    </p>
   </div>
   <div class='ocr_carea' id='block_1_6' title="bbox 233 3368 1320 3454">
    <p class='ocr_par' dir='ltr' id='par_1_8' title="bbox 233 3368 1320 3454">
     <span class='ocr_line' id='line_1_32' title="bbox 233 3368 1320 3454; baseline 0.003 -23"><span class='ocrx_word' id='word_1_218' title='bbox 233 3368 344 3449; x_wconf 88' lang='lat' dir='ltr'>Neque</span> <span class='ocrx_word' id='word_1_219' title='bbox 367 3390 431 3432; x_wconf 93' lang='lat' dir='ltr'>non</span> <span class='ocrx_word' id='word_1_220' title='bbox 455 3374 652 3435; x_wconf 88' lang='lat' dir='ltr'>concordant</span> <span class='ocrx_word' id='word_1_221' title='bbox 671 3374 801 3453; x_wconf 83' lang='lat' dir='ltr'>elegiaci</span> <span class='ocrx_word' id='word_1_222' title='bbox 816 3377 940 3454; x_wconf 76' lang='lat' dir='ltr'>poetae,</span> <span class='ocrx_word' id='word_1_223' title='bbox 962 3393 1036 3436; x_wconf 89' lang='lat' dir='ltr'>nam</span> <span class='ocrx_word' id='word_1_224' title='bbox 1055 3372 1189 3436; x_wconf 87' lang='lat' dir='ltr'>Ovidius</span> <span class='ocrx_word' id='word_1_225' title='bbox 1210 3371 1320 3437; x_wconf 82' lang='lat' dir='ltr'>scribit</span> 
     </span>
    </p>
   </div>
   <div class='ocr_carea' id='block_1_7' title="bbox 185 3474 603 3545">
    <p class='ocr_par' dir='ltr' id='par_1_9' title="bbox 185 3474 603 3545">
     <span class='ocr_line' id='line_1_33' title="bbox 185 3474 603 3545; baseline 0.012 -20"><span class='ocrx_word' id='word_1_226' title='bbox 185 3474 288 3528; x_wconf 87' lang='lat' dir='ltr'>heroid.</span> <span class='ocrx_word' id='word_1_227' title='bbox 308 3474 360 3527; x_wconf 85' lang='lat' dir='ltr'>XV</span> <span class='ocrx_word' id='word_1_228' title='bbox 379 3475 463 3542; x_wconf 84' lang='lat' dir='ltr'>(XVI)</span> <span class='ocrx_word' id='word_1_229' title='bbox 482 3477 533 3529; x_wconf 78' lang='lat'>332</span> <span class='ocrx_word' id='word_1_230' title='bbox 546 3496 603 3545; x_wconf 86' lang='lat' dir='ltr'>sqq.</span> 
     </span>
    </p>
   </div>
   <div class='ocr_carea' id='block_1_8' title="bbox 296 3563 1096 3806">
    <p class='ocr_par' dir='ltr' id='par_1_10' title="bbox 296 3563 1096 3806">
     <span class='ocr_line' id='line_1_34' title="bbox 349 3563 994 3632; baseline 0.003 -17"><span class='ocrx_word' id='word_1_231' title='bbox 349 3565 429 3630; x_wconf 89' lang='lat' dir='ltr'>teque</span> <span class='ocrx_word' id='word_1_232' title='bbox 450 3581 549 3617; x_wconf 86' lang='lat' dir='ltr'>novam</span> <span class='ocrx_word' id='word_1_233' title='bbox 569 3565 660 3618; x_wconf 84' lang='lat' dir='ltr'>credet</span> <span class='ocrx_word' id='word_1_234' title='bbox 679 3564 776 3631; x_wconf 87' lang='lat' dir='ltr'>vulgus</span> <span class='ocrx_word' id='word_1_235' title='bbox 795 3563 886 3617; x_wconf 83' lang='lat' dir='ltr'>adesse</span> <span class='ocrx_word' id='word_1_236' title='bbox 905 3564 994 3632; x_wconf 83' lang='lat' dir='ltr'>deam,</span> 
     </span>
     <span class='ocr_line' id='line_1_35' title="bbox 296 3649 1096 3719; baseline 0.004 -18"><span class='ocrx_word' id='word_1_237' title='bbox 296 3666 404 3716; x_wconf 85' lang='lat' dir='ltr'>quaque</span> <span class='ocrx_word' id='word_1_238' title='bbox 422 3651 492 3704; x_wconf 83' lang='lat' dir='ltr'>feres</span> <span class='ocrx_word' id='word_1_239' title='bbox 511 3668 625 3719; x_wconf 69' lang='lat' dir='ltr'>gressus</span> <span class='ocrx_word' id='word_1_240' title='bbox 645 3650 795 3704; x_wconf 88' lang='lat' dir='ltr'>adolebunt</span> <span class='ocrx_word' id='word_1_241' title='bbox 813 3650 943 3704; x_wconf 89' lang='lat' dir='ltr'>cinnama</span> <span class='ocrx_word' id='word_1_242' title='bbox 959 3649 1096 3718; x_wconf 74' lang='lat' dir='ltr'>flammae,</span> 
     </span>
     <span class='ocr_line' id='line_1_36' title="bbox 348 3735 1086 3806; baseline 0 -18"><span class='ocrx_word' id='word_1_243' title='bbox 348 3753 479 3803; x_wconf 85' lang='lat' dir='ltr'>caesaque</span> <span class='ocrx_word' id='word_1_244' title='bbox 497 3737 676 3805; x_wconf 84' lang='lat' dir='ltr'>sanguineam</span> <span class='ocrx_word' id='word_1_245' title='bbox 698 3737 810 3790; x_wconf 86' lang='lat' dir='ltr'>victima</span> <span class='ocrx_word' id='word_1_246' title='bbox 829 3735 944 3806; x_wconf 83' lang='lat' dir='ltr'>planget</span> <span class='ocrx_word' id='word_1_247' title='bbox 962 3735 1086 3789; x_wconf 89' lang='lat' dir='ltr'>humum.</span> 
     </span>
    </p>
   </div>
   <div class='ocr_carea' id='block_1_9' title="bbox 150 3826 1321 4211">
    <p class='ocr_par' dir='ltr' id='par_1_11' title="bbox 150 3826 1321 4211">
     <span class='ocr_line' id='line_1_37' title="bbox 233 3826 1318 3907; baseline 0.001 -16"><span class='ocrx_word' id='word_1_248' title='bbox 233 3826 327 3903; x_wconf 86' lang='lat' dir='ltr'>Quod</span> <span class='ocrx_word' id='word_1_249' title='bbox 352 3830 393 3892; x_wconf 92' lang='lat' dir='ltr'>ad</span> <span class='ocrx_word' id='word_1_250' title='bbox 419 3831 555 3893; x_wconf 84' lang='lat' dir='ltr'>Graecos</span> <span class='ocrx_word' id='word_1_251' title='bbox 586 3832 876 3894; x_wconf 86' lang='lat' dir='ltr'>Alexandrinorum</span> <span class='ocrx_word' id='word_1_252' title='bbox 899 3834 1073 3893; x_wconf 89' lang='lat' dir='ltr'>sectatores</span> <span class='ocrx_word' id='word_1_253' title='bbox 1095 3829 1228 3907; x_wconf 87' lang='lat' dir='ltr'>attinet,</span> <span class='ocrx_word' id='word_1_254' title='bbox 1258 3830 1318 3892; x_wconf 89' lang='lat' dir='ltr'>im·</span> 
     </span>
     <span class='ocr_line' id='line_1_38' title="bbox 150 3926 1316 4011; baseline 0.004 -24"><span class='ocrx_word' id='word_1_255' title='bbox 150 3926 261 4006; x_wconf 89' lang='lat' dir='ltr'>primis</span> <span class='ocrx_word' id='word_1_256' title='bbox 283 3929 392 3991; x_wconf 89' lang='lat' dir='ltr'>erotici</span> <span class='ocrx_word' id='word_1_257' title='bbox 415 3931 584 4010; x_wconf 89' lang='lat' dir='ltr'>scriptores</span> <span class='ocrx_word' id='word_1_258' title='bbox 601 3931 850 4011; x_wconf 90' lang='lat' dir='ltr'>pulchritudinis</span> <span class='ocrx_word' id='word_1_259' title='bbox 869 3931 931 3992; x_wconf 91' lang='lat' dir='ltr'>vim</span> <span class='ocrx_word' id='word_1_260' title='bbox 956 3931 1000 3993; x_wconf 88' lang='lat' dir='ltr'>ita</span> <span class='ocrx_word' id='word_1_261' title='bbox 1017 3929 1177 3994; x_wconf 88' lang='lat' dir='ltr'>illustrare</span> <span class='ocrx_word' id='word_1_262' title='bbox 1199 3929 1316 3995; x_wconf 89' lang='lat' dir='ltr'>solent:</span> 
     </span>
     <span class='ocr_line' id='line_1_39' title="bbox 150 4025 1321 4111; baseline 0.002 -23"><span class='ocrx_word' id='word_1_263' title='bbox 150 4025 297 4107; x_wconf 85' lang='lat' dir='ltr'>Xenoph.</span> <span class='ocrx_word' id='word_1_264' title='bbox 321 4029 402 4110; x_wconf 75' lang='lat' dir='ltr'>Eph.</span> <span class='ocrx_word' id='word_1_265' title='bbox 424 4029 436 4091; x_wconf 91' lang='lat' dir='ltr'>l</span> <span class='ocrx_word' id='word_1_266' title='bbox 462 4031 523 4106; x_wconf 84' lang='lat' dir='ltr'>l‚3</span> <span class='ocrx_word' id='word_1_267' title='bbox 554 4034 732 4109; x_wconf 77' lang='grc' dir='ltr'>προσεῖχον</span> <span class='ocrx_word' id='word_1_268' title='bbox 762 4031 799 4090; x_wconf 76' lang='grc' dir='ltr'>δὲ</span> <span class='ocrx_word' id='word_1_269' title='bbox 822 4029 864 4101; x_wconf 79' lang='grc' dir='ltr'>ιίς</span> <span class='ocrx_word' id='word_1_270' title='bbox 892 4031 963 4108; x_wconf 71' lang='grc' dir='ltr'>θεῷ</span> <span class='ocrx_word' id='word_1_271' title='bbox 993 4032 1038 4106; x_wconf 81' lang='grc' dir='ltr'>τῷ</span> <span class='ocrx_word' id='word_1_272' title='bbox 1066 4034 1231 4111; x_wconf 79' lang='grc' dir='ltr'>μειρακίῳ·</span> <span class='ocrx_word' id='word_1_273' title='bbox 1264 4032 1321 4092; x_wconf 77' lang='grc' dir='ltr'>καί</span> 
     </span>
     <span class='ocr_line' id='line_1_40' title="bbox 151 4124 1314 4211; baseline 0.005 -26"><span class='ocrx_word' id='word_1_274' title='bbox 151 4124 233 4189; x_wconf 81' lang='grc' dir='ltr'><strong><em>εἰσιν</em></strong></span> <span class='ocrx_word' id='word_1_275' title='bbox 255 4124 317 4209; x_wconf 79' lang='grc' dir='ltr'>ἤδη</span> <span class='ocrx_word' id='word_1_276' title='bbox 339 4137 431 4206; x_wconf 76' lang='grc' dir='ltr'>τινες,</span> <span class='ocrx_word' id='word_1_277' title='bbox 465 4126 498 4190; x_wconf 78' lang='grc' dir='ltr'>οἳ</span> <span class='ocrx_word' id='word_1_278' title='bbox 517 4131 570 4190; x_wconf 81' lang='grc' dir='ltr'>καὶ</span> <span class='ocrx_word' id='word_1_279' title='bbox 594 4127 837 4211; x_wconf 76' lang='grc' dir='ltr'>προςεκάνησαν</span> <span class='ocrx_word' id='word_1_280' title='bbox 860 4125 986 4201; x_wconf 76' lang='grc' dir='ltr'><em>ἰδόντες</em></span> <span class='ocrx_word' id='word_1_281' title='bbox 1008 4129 1062 4190; x_wconf 86' lang='grc' dir='ltr'>καὶ</span> <span class='ocrx_word' id='word_1_282' title='bbox 1085 4126 1314 4209; x_wconf 52' lang='lat' dir='ltr'>apostema·</span> 
     </span>
    </p>
   </div>
   <div class='ocr_carea' id='block_1_10' title="bbox 0 0 1481 4734">
    <p class='ocr_par' dir='ltr' id='par_1_12' title="bbox 0 0 1481 4734">
     <span class='ocr_line' id='line_1_41' title="bbox 0 0 1481 4734; baseline 0 0"><span class='ocrx_word' id='word_1_283' title='bbox 0 0 1481 4734; x_wconf 95' lang='lat' dir='ltr'> </span> 
     </span>
    </p>
   </div>
  </div>
 </body>
</html>
