2946 4734
697 214 740 280 25

110 442 112 447 .
149 391 223 457 354.
236 392 266 474 3,
289 392 365 458 594.
378 392 429 474 5),
463 393 500 457 et
521 390 674 471 laborat,
706 412 749 455 111
779 388 868 475 quod
889 387 1026 454 dictura
1057 387 1105 454 sit
1136 387 1213 456 odio
1235 391 1297 456 aut

148 496 266 563 dolore
288 499 350 562 aut
379 505 471 563 certe
494 496 548 562 ira
572 495 684 561 dicere
706 494 865 561 videatur
888 493 1019 578 (5841,
1043 493 1137 578 596),
1160 516 1296 581 remque

149 604 264 669 duram
288 603 423 669 dictura
450 602 568 680 multis
591 600 873 689 praeblandiatur
895 601 1009 668 verbis
1039 624 1177 689 remque
1200 623 1296 688 prae·

148 707 281 775 molliat
302 710 399 790 (585),
423 731 498 775 cum
512 708 588 796 ipsa
602 707 741 775 innoxia
755 715 934 773 accusetur
956 729 979 774 a
1000 706 1142 793 coniuge
1167 707 1296 791 (2061)

149 813 286 901 eiusque
307 812 602 881 inclamationibus
626 812 839 899 defatigetur
870 815 906 879 et
928 811 1123 880 delessetur
1150 813 1239 896 (232.
1250 813 1294 897 2).

235 917 400 985 Laches
425 917 512 985 enim
529 941 631 984 senex
645 917 771 1004 loquax
795 917 884 994 (482.
896 917 932 1001 4)
956 921 992 984 et
1014 939 1140 984 avarus
1165 918 1293 1002 (4622,

147 1023 306 1107 46324)
330 1045 430 1112 saepe
452 1022 603 1090 difficilis
627 1026 681 1089 est
704 1027 740 1088 et
761 1022 872 1089 iratus
896 1023 984 1104 (198.
997 1023 1028 1104 2,
1044 1024 1117 1089 223.
1132 1023 1163 1106 1,
1180 1023 1294 1106 6203,

147 1128 269 1209 4692)
293 1131 330 1196 et
352 1128 426 1195 odit
447 1150 603 1210 uxorem,
637 1128 731 1194 cuius
763 1149 858 1194 amor
881 1128 1042 1214 optabilis
1066 1128 1134 1194 fuit
1156 1128 1192 1195 in
1215 1128 1295 1195 adu·

148 1223 312 1301 lesceutia
345 1233 497 1313 (207.2);
535 1233 594 1300 sed
627 1236 748 1320 postea
783 1232 887 1302 etiam
920 1231 1079 1321 placatur
1113 1233 1295 1321 mitiusque

148 1337 311 1426 loquitur,
337 1338 490 1425 quamvis
506 1362 574 1403 non
590 1339 686 1426 queri
702 1339 743 1405 de
761 1337 876 1425 aliqua
898 1359 935 1403 re
957 1360 1025 1404 non
1041 1338 1150 1424 possit
1166 1339 1294 1421 (6191,

148 1443 277 1524 6203).
322 1442 484 1510 Placatos
516 1443 620 1510 etiarn
643 1443 752 1510 multa
779 1443 962 1509 reticentia
985 1443 1027 1509 de
1054 1442 1117 1508 filii
1139 1443 1234 1511 vitiis
1257 1447 1294 1510 et

148 1547 343 1615 defensione
365 1571 498 1636 quoque
520 1549 611 1636 apud
633 1571 786 1615 socerum
809 1547 922 1614 utitur
945 1552 982 1614 ct
1004 1551 1163 1635 praestat
1179 1571 1222 1615 se
1244 1549 1295 1613 in-

148 1652 344 1741 dulgentem
374 1639 410 1720 et
443 1653 692 1742 impetrabilem
724 1657 856 1742 patrem
907 1654 1037 1735 (6731,
1068 1655 1142 1720 685.
1173 1655 1294 1734 7971)

148 1761 185 1824 et
206 1760 260 1824 est
282 1758 375 1824 mitis
399 1780 501 1825 senex
523 1760 652 1840 (727.1,
676 1760 812 1844 7291).

235 1862 479 1950 Phidippus
517 1887 619 1930 senex
655 1865 853 1931 mitissimus
890 1862 925 1928 in
961 1863 1066 1929 filiam
1103 1869 1204 1951 pater
1243 1868 1296 1931 est

150 1969 236 2042 (243.
251 1968 295 2050 1),
316 1990 416 2057 quam
432 1968 531 2037 valde
547 1972 640 2035 amat
654 1969 797 2056 (7201),
820 1993 880 2037 nec
895 1974 966 2037 tam
981 1991 1105 2035 avarus
1128 1973 1182 2036 est
1197 1992 1296 2056 quam

147 2073 276 2140 Laches
300 2075 444 2158 (4651).
490 2073 558 2140 Sed
591 2081 627 2141 et
661 2075 733 2161 ipse
766 2075 865 2142 facile
896 2076 949 2142 ira
980 2076 1122 2141 affectus
1155 2076 1295 2142 affectui

147 2177 585 2264 1111111110111161),
609 2182 711 2245 cavet
726 2183 839 2246 autem
854 2203 897 2247 ne
912 2179 1010 2246 nimis
1034 2179 1210 2246 vehemens
1234 2180 1297 2246 fiat

148 2306 209 2349 nec
231 2288 300 2350 tam
325 2283 464 2350 difficile
486 2283 641 2350 mollitur
664 2284 750 2370 (508,
775 2286 906 2368 5202),
934 2285 1058 2372 quippe
1081 2284 1138 2372 qui
1161 2285 1293 2351 omnino

147 2387 307 2455 callidum
319 2411 355 2455 se
367 2411 441 2456 1111
452 2388 621 2474 glorietur
633 2391 719 2471 (541.
731 2390 773 2475 1),
787 2389 940 2477 quamvis
950 2389 1121 2456 interdurn
1136 2388 1293 2456 credulus

149 2496 360 2583 111(531.1).

235 2603 270 2668 Μ
277 2603 458 2687 yrrinae
481 2606 658 2670 matronae
678 2603 858 2689 praecipue
874 2602 1097 2670 calliditatem
1121 2606 1157 2668 et
1179 2602 1293 2669 mulie-

147 2709 243 2773 brem
258 2708 419 2774 astutiam
436 2707 615 2774 annotavit
633 2707 826 2789 scholiasta,
850 2708 893 2774 cf.
916 2708 1025 2795 praef.
1049 2708 1162 2789 1114,
1186 2709 1293 2786 5261,

147 2812 262 2895 5274,
286 2813 401 2895 548,1.

236 2917 469 3004 Pamphilus
482 2921 524 2984 ut
537 2918 733 2984 adulescens
747 2917 1293 3000 111111111111111111111110222,

149 3024 221 3090 169.
240 3027 266 3105 1,
283 3023 356 3103 319,
373 3023 484 3105 3251,
502 3022 575 3088 361.
592 3023 620 3105 1,
643 3023 760 3104 4051,
784 3024 857 3087 447.
870 3025 900 3101 3,
924 3023 998 3089 488.
1012 3029 1041 3102 2,
1066 3024 1140 3104 491,
1163 3022 1293 3104 8562),

148 3127 199 3194 ita
221 3131 261 3194 ut
283 3127 390 3214 magis
413 3136 599 3194 amatorem
622 3150 721 3214 quam
744 3128 904 3193 maritum
927 3151 963 3195 se
977 3131 1131 3215 praestet
1153 3127 1292 3215 (3611),

148 3232 272 3320 quippe
303 3232 362 3320 qui
395 3232 528 3300 omnino
561 3233 661 3298 facile
684 3236 936 3299 commoveatur
959 3233 1138 3299 affectibus
1164 3234 1292 3314 (6052,

147 3337 235 3422 845).
282 3335 348 3404 Sed
379 3340 536 3424 praestat
569 3337 670 3403 etiam
695 3360 812 3404 verum
834 3338 955 3403 matris
979 3360 1128 3404 amorem
1161 3339 1292 3419 (1222,

147 3443 264 3523 4473,
288 3442 420 3523 4531),
455 3442 509 3508 cni
539 3466 605 3509 non
628 3443 793 3508 mentitur
824 3443 975 3528 (3542),
1010 3445 1132 3529 utpote
1167 3442 1224 3529 qui
1258 3443 1294 3507 in

152 3547 345 3614 universum
361 3548 605 3615 rementiatur
623 3547 783 3634 religiose
795 3557 915 3615 caveat
932 3551 1018 3630 (357.
1030 3550 1060 3629 4,
1077 3549 1151 3614 391.
1164 3549 1192 3629 1,
1205 3548 1292 3632 481).

239 3651 457 3719 Parmeno
481 3675 599 3719 servus
623 3675 745 3739 magna
768 3653 979 3732 curiositate,
1002 3675 1124 3739 magna
1146 3652 1293 3738 garruli·

148 3760 232 3839 tate,
255 3757 382 3824 maiore
406 3756 549 3845 pigritia
563 3758 740 3845 praeditus
766 3758 852 3841 (193.
864 3759 894 3839 3,
911 3759 1027 3840 3591,
1045 3759 1159 3835 3601,
1176 3759 1292 3838 4391,

149 3862 264 3942 7991,
287 3863 360 3928 807.
373 3862 402 3943 3,
427 3863 552 3948 8092)
571 3862 741 3948 gloriatur
765 3862 806 3927 de
830 3862 1039 3928 dominorum
1054 3863 1293 3928 familiaritate

151 3967 284 4052 (1442)
314 3970 351 4033 et
373 3966 450 4033 vult
472 3966 641 4033 dominum
679 3967 832 4033 uxorium
856 3990 929 4034 esse
952 3967 1059 4054 magis
1084 3989 1182 4053 quam
1205 3990 1292 4033 ama·

148 4081 257 4138 torem
280 4071 471 4137 meretricis
507 4072 651 4155 (101.1).
697 4071 749 4137 Dc
785 4072 904 4158 quibus
940 4096 1014 4137 cum
1048 4072 1191 4159 quodam
1218 4095 1292 4137 con-

144 4253 147 4258 .
239 4219 266 4284 1)
283 4206 475 4270 Necessarium
506 4216 576 4269 enim
596 4221 653 4282 est,
685 4222 716 4268 ut
742 4215 872 4284 Phidippi
899 4233 995 4269 nomen
1027 4216 1211 4269 substituatur
1242 4231 1293 4283 pro

147 4304 293 4374 Pamphili.
