2946 4734
698 243 740 309 64

145 430 176 490 el
197 423 271 489 ibid.
290 443 319 487 v.
342 424 378 487 31
403 442 471 505 sq.:

279 508 389 592 quiesce
406 520 531 592 placidus
548 521 578 574 el
596 519 689 575 caduci
707 523 828 591 corporis

350 610 481 664 domnum
501 607 634 675 reprende
651 608 749 678 gloria.

204 718 244 781 ΙΙΙ
266 718 296 781 in
320 714 484 780 Luciolum
506 712 666 776 rhetorem
687 734 717 778 v.
742 715 780 778 13
798 735 865 797 sq.:

287 833 319 884 ut
337 828 458 898 placidos
475 844 573 890 mores,
591 827 758 896 tranquillos
776 828 814 883 sic
832 830 891 885 cole
909 849 1001 886 manes

349 919 378 971 ei
396 932 462 983 cape
483 914 518 968 ab
537 912 665 978 Ausonio,
684 932 790 980 munus,
809 914 904 971 amice.
939 917 1021 974 Vale!

216 1025 243 1089 V
265 1025 297 1088 in
317 1023 442 1087 Allium
464 1020 614 1085 Tironem
636 1040 666 1084 v.
689 1022 728 1085 35
749 1041 834 1104 sqq.:

277 1139 367 1192 minus
386 1136 521 1192 mulorum
541 1152 653 1190 munere
672 1143 798 1208 expertus
817 1137 875 1203 Dei,

346 1223 436 1278 medio
456 1222 530 1292 quod
548 1223 609 1277 aovi
627 1224 723 1292 rapius
741 1239 784 1276 es:
848 1239 852 1247 ·

275 1328 367 1369 errore
384 1311 455 1379 quod
476 1326 530 1362 non
548 1308 683 1362 deviantis
701 1308 774 1364 filiae

347 1413 491 1466 poenaque
509 1396 600 1450 laesus
619 1394 752 1465 coniugis.

200 1523 239 1586 Vl
260 1523 292 1586 in
314 1520 476 1584 Alethium
498 1518 685 1583 Minervium
709 1539 738 1582 v.
763 1519 802 1583 31
827 1539 914 1602 sqq.:

276 1617 384 1674 omniuo
403 1632 521 1686 praecox

275 1709 389 1760 fortuna
406 1703 460 1758 tibi

275 1792 354 1848 dedit
373 1796 400 1846 ot
421 1788 522 1859 rapuit.

276 1881 362 1946 Quam
381 1876 519 1944 fatiloquo

224 1969 256 2022 35
276 1967 349 2021 dicte
368 1963 479 2034 profatu

277 2070 368 2109 versus
388 2049 497 2105 Horati:

276 2138 348 2193 nihil
366 2140 409 2191 est
427 2137 462 2190 ab
480 2136 554 2191 omni

276 2228 356 2298 purte
375 2223 497 2278 beatum.

181 2314 233 2397 Vll
260 2333 291 2395 in
314 2317 481 2395 Leontium
503 2346 532 2390 v.
555 2328 592 2391 17
615 2347 699 2410 sqq.:

275 2448 303 2500 et
321 2445 400 2498 iuvat
419 2442 494 2497 tristi
513 2443 651 2497 celebrare
668 2459 733 2498 curu

273 2532 394 2587 flebilem
413 2532 526 2584 cantum
544 2529 672 2583 memoris
690 2530 829 2597 querelae,

274 2635 372 2672 munus
390 2616 532 2686 ingreium
552 2615 604 2670 tibi
622 2615 801 2684 debitumque

347 2701 469 2758 carmine
486 2705 588 2757 nostro.

172 2828 290 2892 Villio
312 2826 536 2909 grammaticos
556 2845 686 2906 graecos
707 2845 736 2888 v.
760 2825 797 2889 17
819 2845 906 2908 sqq.:

276 2959 323 2996 vos
341 2941 410 2996 levis
429 2957 521 3012 cespes
539 2942 619 3010 tegat
637 2942 665 2994 et
682 2940 802 3009 sepulcri

273 3029 349 3083 tecta
366 3027 518 3081 defendant
537 3025 640 3081 cineres
660 3029 784 3097 opertos3

272 3115 305 3168 ut
324 3130 401 3168 meae
421 3112 494 3168 vocis
512 3112 626 3167 titulum
644 3129 802 3182 supremum

341 3200 440 3255 reddat
457 3199 598 3254 honorem.

194 3322 238 3387 IX
258 3322 292 3386 in
312 3321 489 3386 Iucundum
507 3341 537 3385 v.
559 3321 607 3384 6.:

275 3453 302 3491 es
322 3434 434 3490 meritos
449 3435 523 3490 inter
541 3435 777 3490 commemorande
796 3433 875 3491 viros.

208 3560 238 3626 X
259 3562 291 3624 in
313 3559 537 3641 grammaticos
552 3558 666 3623 latinos
681 3557 761 3621 u54
769 3577 815 3640 sq.
835 3559 968 3640 gloriam
991 3559 1058 3624 iore
1079 3564 1297 3644 superstitem:

273 3692 308 3730 ne
326 3675 429 3745 puriter
448 3674 571 3729 tumulus

266 3779 365 3817 nomeu
382 3764 409 3817 et
427 3778 488 3817 ossa
504 3762 590 3831 tegat.

193 3887 235 3951 XI
257 3885 290 3951 in
310 3884 528 3950 Herculanum
550 3904 579 3948 v.
598 3884 618 3947 6
639 3903 702 3966 sq.:

274 4007 332 4056 esto
350 3999 483 4072 placidus,
502 4000 532 4054 et
549 3997 650 4067 quietis
669 3998 796 4054 manibus
814 4000 905 4064 sedem
921 3998 997 4063 fove;

272 4089 328 4143 ium
346 4087 413 4142 mihi
432 4087 545 4156 cognitu
561 4087 665 4140 dudum
682 4085 754 4140 iuter
772 4087 939 4140 memoratus
957 4083 1078 4140 nomina.
