2946 4734
788 232 830 297 lo

229 417 388 492 conversi3
410 436 482 480 mea
507 419 607 480 morte
628 413 736 478 classis
756 431 872 492 graeca
893 411 951 476 erit
967 412 1075 475 victrix
1092 412 1123 475 et
1139 413 1249 493 puniet
1270 412 1392 476 scelera

229 517 456 591 barbarorum,
493 534 598 596 neque
630 516 666 577 tu
697 531 748 575 me
784 510 933 593 peperisti
969 510 1026 574 tibi
1053 511 1108 574 sed
1136 512 1193 574 toti
1222 513 1393 588 Graeciae3

229 634 287 694 ego
309 614 377 678 sola
399 612 646 677 innumerabiles
666 630 754 674 nunc
766 629 857 674 servo
879 615 909 673 et
929 611 1046 673 moriar
1063 629 1121 690 pro
1134 610 1235 673 salute
1257 612 1391 692 patriae.

310 730 360 792 Ad
390 729 426 791 Vl
463 748 591 810 quoque
626 729 851 806 argumentum
889 728 1110 807 processerunt
1141 727 1259 805 tragici.
1307 727 1392 790 Nam

229 828 393 910 Euripides
415 827 480 891 Alc.
503 847 531 889 v.
547 827 607 890 363
628 846 698 907 sqq.
728 844 817 907 spem
837 826 957 906 profert
978 827 1108 889 maritos
1129 825 1195 888 fore
1216 830 1285 907 post
1305 846 1393 891 mor-

228 930 292 990 tem
321 927 435 990 iterum
463 928 657 990 coniunctos.
709 923 841 1005 (Eadem
871 924 904 987 in
932 925 1041 988 fabula
1067 925 1223 989 Admetus
1248 927 1389 988 statuam

229 1027 363 1090 amissae
385 1024 526 1105 coniugis
550 1025 653 1087 tacere
674 1023 844 1101 constituit,
873 1043 970 1105 quarn
993 1025 1176 1104 complexus
1202 1024 1300 1088 lenire
1322 1025 1394 1088 vult

230 1127 368 1191 dolorem
379 1125 437 1188 347
454 1122 537 1206 sqq).
579 1123 685 1205 Eurip.
705 1122 780 1188 Her.
801 1123 863 1186 lun
884 1144 953 1205 sqq.
976 1124 1138 1205 Polyxena
1157 1124 1253 1187 morti
1273 1124 1393 1188 devota

230 1229 372 1289 amatre
400 1225 479 1306 petit
509 1224 660 1286 mandata
689 1224 729 1285 ad
755 1222 917 1286 Priamum
949 1226 981 1287 et
1001 1223 1168 1288 Hectorem
1200 1223 1391 1305 quibuscum

231 1326 317 1388 brevi
345 1328 488 1405 ternpore
516 1323 737 1403 coniungatur.
779 1322 887 1404 Atque
917 1323 997 1387 adeo
1021 1324 1221 1404 Antiphanes
1251 1323 1392 1389 comicus

229 1427 366 1487 mortem
388 1423 559 1504 appellavit
579 1423 638 1485 iter
659 1421 692 1484 in
713 1422 882 1485 beatorum
904 1422 994 1486 sedes
1017 1421 1197 1487 fortunatas
1210 1423 1249 1505 ¹):

290 1542 431 1600 πενθεῖν
452 1538 489 1599 δὲ
510 1542 645 1618 μετρίως
666 1535 886 1619 προσήκοντας
907 1535 1027 1618 φίλους,

290 1639 328 1701 ou’
348 1639 408 1719 γοῖρ
428 1642 598 1715 τεθνᾶσιν,
620 1637 705 1701 ditor
724 1636 784 1721 τὴν
804 1635 908 1722 α’ντὴν
928 1636 1015 1715 ὁδον,

214 1737 216 1740 ⁴
292 1737 330 1821 ἣν
351 1743 456 1802 πᾶσιν
478 1738 590 1801 ἐλθεῖν
613 1737 679 1801 ἔστ’
702 1738 882 1818 οἷναγκαίως
900 1740 982 1818 ἔχον,

292 1836 571 1920 προύληλύθασιν·
592 1829 665 1900 εἶτα
685 1838 714 1917 χ’
733 1837 825 1921 ἡμεῖς
845 1835 984 1919 ὕστερον

293 1936 337 2010 εἰς
356 1938 457 1999 vaurd
480 1940 695 2016 καταγωγεῖον
716 1936 824 2010 αὐτοῖς
845 1934 976 2020 ἥξομεν,

291 2041 379 2119 κοινῇ
399 2036 457 2098 adr
478 2032 578 2099 ἄλλον
595 2036 885 2127 σννδιατρίψοντες
905 2042 1030 2118 χρόνον.

312 2152 399 2216 Haec
423 2173 506 2234 quae
531 2174 548 2217 e
577 2154 677 2234 poetis
705 2155 834 2236 tragicis
856 2156 1030 2236 ceterisque
1058 2155 1158 2236 poetis
1179 2155 1390 2219 consolatoria

229 2252 320 2316 attuli
349 2252 375 2315 si
406 2255 674 2333 contemplamur,
706 2255 814 2318 omnia
836 2256 966 2337 quidem
986 2255 1039 2317 illa
1063 2255 1099 2317 Vl
1122 2259 1313 2335 argumenta
1335 2275 1391 2335 ag·

227 2353 387 2417 noscimus
400 2355 457 2418 sed
471 2354 622 2435 dispersa,
636 2376 742 2437 neque
758 2357 915 2437 praebent
928 2357 1158 2420 consolationes
1172 2354 1390 2437 philosophica

228 2451 350 2515 ratione
372 2453 548 2528 instructas,
577 2474 658 2534 quas
680 2474 838 2536 nusquam
862 2460 976 2537 poetae
998 2456 1160 2520 instituere
1186 2457 1290 2520 conati
1321 2476 1391 2521 esse

227 2552 383 2614 videntur.
426 2551 490 2616 Sed
510 2553 653 2617 rhetores
676 2558 707 2618 et
734 2555 916 2637 philosophi
943 2555 1004 2620 hoc
1032 2556 1172 2638 primum
1194 2555 1392 2636 inceperunt,

229 2651 312 2731 quod
335 2670 422 2714 nunc
444 2651 619 2716 videamus.

506 2958 542 3021 D.
574 2959 779 3024 Rhetores
802 2963 840 3023 et
861 2961 1109 3043 philosophi.

308 3074 467 3156 Tempore
495 3075 548 3138 illo
578 3096 642 3157 quo
673 3076 777 3157 poesis
809 3076 933 3156 tragica
965 3081 994 3141 et
1025 3077 1122 3160 lyrica
1151 3076 1390 3154 dallei-escebat,

226 3192 323 3254 prosa
350 3174 451 3238 oratio
473 3174 530 3238 coli
562 3181 674 3256 coepta
695 3179 742 3240 est
768 3178 800 3238 et
821 3196 873 3240 ars
894 3177 1062 3253 rhetorica,
1085 3179 1116 3239 et
1136 3177 1168 3239 in
1190 3195 1305 3255 genere
1324 3176 1392 3259 epi·

227 3272 361 3337 deictico
377 3273 474 3336 eliam
489 3275 649 3338 orationes
663 3275 812 3339 funebres
828 3276 1054 3341 studiosissime
1064 3278 1087 3356 ²)
1110 3275 1390 3357 comparabantur,

224 3370 310 3451 λόγοι
339 3373 515 3455 ἐπιτάφιοι.
565 3374 643 3438 111οι1
673 3376 760 3457 quod
789 3377 827 3439 de
857 3377 988 3441 medicis
1015 3379 1103 3440 extat
1128 3376 1216 3458 apud
1241 3374 1391 3439 Suidam:

223 3471 353 3545 ὀδύναις
373 3496 409 3533 τε
431 3474 484 3535 καῖ
507 3471 612 3547 νόσοις
631 3480 789 3554 γενέσθαι
812 3476 973 3558 σοφιστήν
989 3471 1088 3556 ἄκρον
1097 3474 1133 3558 ³),
1154 3475 1314 3539 medicum
1334 3472 1392 3536 ad·

223 3592 333 3635 versus
352 3573 474 3638 dolores
498 3578 529 3638 et
555 3576 684 3639 morbos
712 3595 871 3639 summurn
897 3576 964 3640 fieri
991 3574 1176 3657 sophistam,
1208 3573 1283 3638 inde
1312 3573 1392 3637 mihi

294 3786 321 3846 ll
341 3786 415 3840 Stob.
435 3787 493 3841 flor.
514 3789 627 3844 12127.

291 3872 318 3940 2)
336 3874 444 3927 Plah.in
459 3876 567 3928 Menex:
587 3893 642 3929 non
661 3879 763 3930 homere
780 3877 826 3931 sed
845 3882 870 3930 ἐκ
882 3880 974 3931 πολλοῦ
992 3880 1084 3948 χρόνον
1095 3885 1335 3947 παρεσκευασμένοις
1350 3879 1388 3929 λό-

222 3981 274 4025 ruer
291 3959 489 4028 praedicabant
507 3963 658 4016 detunctoa.

293 4049 318 4114 3)
339 4047 450 4101 Cresoll.
470 4049 611 4102 theatrum
632 4049 773 4104 rhetorum
793 4048 815 4102 1.
836 4049 860 4101 6.
