2946 4734
626 379 833 442 ..73-

151 556 341 636 Congruunt
371 557 487 620 deinde
517 574 588 636 cum
614 558 811 623 Callimacho
834 558 992 638 Meleager
1020 557 1141 622 anthol.
1166 557 1192 618 V
1215 548 1320 635 19044

151 646 172 736 ἧ
210 653 291 718 πα’λι
318 658 378 739 τήν
409 659 575 740 τραφερήν
606 657 754 722 Σκύλλαν
784 656 1009 745 ἐποψόμεθα,
1048 661 1079 721 et
1107 657 1319 721 Philostratus

151 777 201 838 ep.
225 757 265 819 50
296 755 393 828 ἕλκεις
421 779 463 836 με
492 756 561 819 sind
592 761 659 819 τῶν
688 755 850 838 ὀμμάτων
879 757 932 819 καὶ
964 754 1070 836 σύρεις
1098 755 1143 838 μή
1165 757 1319 834 θέλοντα,

150 853 265 935 ὥσπερ
296 857 372 928 τοιλς
401 857 560 930 πλέοντας
581 857 602 938 ἦ
624 854 794 937 Χάρυβδις
824 856 999 938 οίνεῤῥόμει
1028 876 1093 939 eqS.
1144 857 1173 920 A
1203 857 1319 938 quibus

150 975 217 1019 non
239 957 375 1020 multum
397 957 558 1020 diversum
581 961 645 1034 est,
675 957 762 1038 quod
791 959 897 1020 scorta
919 975 993 1019 cum
1015 949 1152 1020 navibus
1181 957 1318 1039 praeda-

152 1057 242 1120 toriis
255 1054 472 1119 conferuntur.
516 1057 567 1121 Sic
579 1051 689 1119 monet
700 1076 810 1119 servus
825 1055 856 1117 in
868 1048 972 1119 Plaut.
987 1055 1186 1120 Menaechm.
1200 1057 1262 1121 344
1271 1076 1317 1137 sq.

342 1153 462 1208 nuncin
480 1154 548 1209 istoc
566 1158 649 1225 portu
668 1158 724 1209 stat
743 1154 820 1208 navis
838 1154 1021 1224 praedatoria,

311 1249 317 1258 ⁸
341 1241 389 1311 aps
408 1259 463 1310 qua
481 1241 631 1297 cavendum
653 1241 731 1294 nobis
749 1259 814 1296 sane
832 1257 936 1295 censeo.

150 1331 327 1410 Postquam
351 1348 426 1392 vero
449 1330 597 1393 dominus
620 1330 753 1392 adeam
772 1330 902 1406 introiit,
925 1328 1085 1393 exclamat
1099 1331 1201 1394 vlla
1221 1328 1319 1416 ‘ducit

150 1430 292 1492 lembum
323 1427 498 1492 dierectum
529 1431 620 1493 navis
651 1429 885 1513 praedatoria..
936 1429 1057 1493 Similia
1086 1434 1257 1493 occurrunt
1286 1431 1318 1491 in

149 1528 357 1608 anthologiae
379 1528 545 1592 Palatinae
567 1529 705 1606 lusibus,
739 1549 812 1593 nam
843 1531 876 1592 in
898 1529 1014 1614 Hedyli
1035 1531 1085 1592 vel
1107 1529 1319 1610 Asclepiadae

150 1630 384 1710 epigrammate
406 1629 527 1691 anthol.
550 1628 617 1692 Pal.
638 1629 664 1690 V
688 1631 788 1706 loto
804 1649 852 1710 sq.
876 1629 1010 1709 legimus

343 1721 410 1777 ἀλλὰ
427 1721 478 1778 σὺν
496 1721 593 1785 αὐταῖς
613 1728 693 1797 νηυσί
712 1725 745 1779 τὰ
764 1723 897 1802 λῃστρικὰ
918 1726 966 1798 τῆς
983 1722 1138 1799 Ἀφροδίτης

394 1809 524 1881 φεύγετε,
556 1811 703 1886 Σειρήνων
721 1813 782 1866 αἵδε
801 1809 855 1884 γὰρ
875 1811 1052 1885 ἐχθρότεραι,

183 1903 212 1953 et
230 1899 258 1951 in
277 1898 368 1951 Rufini
385 1898 489 1953 anthol.
508 1899 565 1952 Pal.
585 1899 610 1951 V
628 1898 662 1952 43
784 1956 793 1971 ¹

342 1983 472 2055 Λέμβιον,
493 1978 509 2054 ἦ
529 1981 556 2036 d⁹
575 1983 655 2057 ἑτέρα
677 1985 862 2057 Κερκοιίριον,
883 1986 912 2037 αί
931 1980 973 2037 δι”
992 1983 1101 2056 ἑταῖραι

393 2070 455 2124 αἰὲν
473 2068 644 2144 ἐφορμοῦσιν
665 2070 701 2144 τῷ
721 2071 836 2143 Σαμίων
854 2070 956 2143 λιμένι.

341 2153 418 2223 illl,
438 2157 506 2221 νέοι,
525 2158 649 2229 πανδημί
668 2153 701 2210 τὰ
721 2153 854 2232 λῃστρικὰ
876 2157 924 2228 τῆς
943 2152 1098 2227 Ἀφροδίτης

393 2239 521 2313 φείγεθ’,
550 2239 564 2297 ὅ
583 2243 719 2316 συμμίξας
738 2246 785 2297 καί
803 2239 924 2302 καταδὺς
940 2245 1062 2296 nissae(

232 2343 296 2406 Res
313 2343 383 2422 ipsa
398 2361 449 2404 me
465 2339 562 2417 ducit,
581 2346 617 2404 ut
633 2341 702 2403 illos
719 2340 805 2403 locos
822 2339 1007 2419 adiungam,
1025 2338 1142 2419 quibus
1160 2336 1271 2400 comici
1288 2341 1319 2398 et

148 2443 282 2522 elegiaci
305 2445 421 2523 poetae
442 2445 661 2523 quaestum
684 2439 970 2503 meretricium
994 2457 1079 2501 curn
1102 2437 1319 2519 piscatura

148 2543 215 2606 vel
238 2542 421 2623 aucupio
441 2545 693 2622 comparant.
738 2539 915 2621 Perspicias
937 2539 1033 2619 igitur
1053 2538 1133 2601 haec
1155 2537 1315 2618 exempla:

147 2643 253 2705 Plaut.
276 2641 365 2704 Asin.
391 2642 448 2704 178
466 2661 535 2722 sqq.
558 2639 658 2721 ‘quasi
678 2641 782 2721 piscis,
806 2640 946 2717 itidemst
969 2643 1096 2701 amator
1118 2637 1219 2715 lenae’
1242 2657 1318 2718 eqs.‚

149 2742 255 2804 Plaul.
270 2738 421 2804 Bacchid.
437 2740 495 2803 102
523 2739 672 2821 ‘piscatus
697 2759 767 2802 meo
789 2739 918 2820 quidem
941 2738 1049 2801 animo
1071 2737 1123 2799 hic
1146 2736 1201 2800 tibi
1225 2736 1319 2799 hodie

152 2842 259 2903 evenit
280 2841 400 2918 bonus,
423 2840 551 2903 Trucul.
575 2841 616 2903 34
630 2859 699 2921 sqq.

341 2941 469 3007 temptat,
488 2936 658 3007 benignusne
677 2955 712 2991 an
731 2937 819 2991 bonae
837 2934 913 3002 frugi
931 2933 996 2986 sies:

342 3024 419 3093 quasi
437 3024 467 3076 in
485 3023 619 3093 piscinam
637 3026 695 3078 rete
714 3023 761 3092 qui
780 3022 897 3076 iaculum
917 3023 998 3088 parat
1016 3036 1071 3087 cqs.

151 3112 246 3176 Tales
266 3112 444 3176 sententiae
466 3112 645 3192 permultae
668 3110 852 3189 investigari
878 3111 1012 3189 possunt
1034 3107 1066 3169 in
1090 3106 1186 3186 elegis
1196 3105 1318 3168 Roma-

152 3232 267 3275 norum
297 3217 328 3275 et
356 3213 387 3274 in
418 3211 603 3290 anthologia
633 3210 792 3273 Palatina.
835 3209 928 3271 Velut
951 3206 1043 3269 Ovid.
1074 3225 1175 3269 amor.
1199 3205 1211 3267 l
1233 3207 1262 3274 8.
1281 3206 1321 3267 69

151 3312 290 3392 ‘parcius
312 3311 428 3391 exigito
451 3311 598 3392 pretium,
631 3310 706 3373 dum
731 3311 810 3373 retia
833 3307 962 3387 tendis'3
993 3306 1086 3369 Ovid.
1109 3310 1167 3369 art.
1190 3305 1236 3368 ΙΙΙ
1260 3305 1320 3368 554

152 3412 265 3475 ‘novus
288 3412 354 3474 viso
378 3431 466 3474 casse
489 3412 612 3475 resistet
635 3410 765 3473 amans’.

190 3510 270 3578 Prop.
290 3511 312 3562 ΙΙ
333 3509 464 3578 32,19sq.

344 3596 383 3649 nil
400 3596 466 3666 agis,
486 3595 598 3649 insidias
616 3595 645 3647 in
664 3612 707 3648 me
723 3593 862 3663 componis
880 3593 983 3658 inanes,

339 3703 342 3709 ⁴
397 3681 487 3735 tendis
507 3681 579 3735 iners
598 3680 678 3734 docto
697 3680 768 3734 retia
788 3683 855 3733 nota
874 3677 982 3746 mihi')

190 3769 267 3824 Ovld'
287 3773 338 3824 δή
357 3771 393 3822 ΠΙ
410 3768 461 3821 425
473 3786 511 3836 sq·
558 3851 665 3903 semper
684 3833 736 3886 tibi
755 3834 874 3903 pendeat
892 3833 999 3895 hamus,

347 3939 400 3991 quo
419 3921 532 3975 minime
551 3920 637 3974 credis
656 3920 775 3989 gurgite,
795 3919 875 3987 piscis
895 3917 955 3972 erit.

228 4057 254 4124 l)
275 4057 316 4110 Cf.
336 4022 454 4125 llelling.
476 4055 574 4108 Tibull.
601 4074 626 4124 p.
647 4055 705 4109 361.
745 4055 869 4107 Ceterum
893 4053 1053 4117 cavendum,
1082 4071 1116 4105 ne
1136 4050 1270 4118 Bellingio
1289 4051 1331 4102 ni-

155 4143 243 4196 mium
263 4144 369 4205 credas,
400 4160 460 4195 cum
483 4143 670 4196 Romanorum
695 4141 775 4195 modo
795 4139 928 4208 elegiacos
945 4138 1018 4192 inter
1037 4155 1064 4192 se
1082 4141 1222 4204 comparet
1240 4152 1327 4204 neque

156 4231 273 4284 Graecos
292 4237 415 4284 auctores
434 4227 499 4282 satis
517 4226 652 4296 respiciat.
