2946 4734
633 384 837 448 ..35-

343 575 424 628 carpe
442 557 515 612 cibos
532 556 641 628 digitis:
660 563 701 614 est
720 558 851 627 quiddam
869 564 962 629 gestus
980 562 1089 635 edendi,

414 661 463 700 ora
480 662 531 703 nec
547 645 692 703 immunda
709 649 769 704 tota
786 663 909 717 perunge
928 665 1014 704 mauu

343 750 412 787 neve
430 731 505 785 domi
523 749 665 802 praesume
682 731 775 803 dapes,
795 733 841 786 sed
859 733 952 788 desine
970 733 1042 794 citra
1101 796 1106 807 ‚

414 837 496 889 quam
512 817 599 887 capis:
619 835 647 875 es
664 819 755 889 paulo,
774 836 857 888 quam
876 823 954 889 potes
973 837 1037 891 erse,
1055 821 1146 880 minus
1163 838 1218 889 oqs.
1235 818 1243 824 ''

148 912 194 973 Dc
215 908 355 972 bibendo
378 911 487 975 autem
508 906 665 993 praecipit
687 927 715 971 v.
739 908 799 973 763
814 928 884 989 sqq.

287 1008 338 1061 hoc
356 1023 472 1074 quoque,
491 1023 547 1073 qua
565 1005 673 1075 patiens
691 1010 774 1074 caput
792 1009 842 1070 est,
861 1006 1023 1076 animusque
1041 1007 1176 1076 pedesque

356 1093 499 1147 coustant!
518 1108 560 1155 ne,
580 1092 722 1159 quaesiui
742 1092 858 1163 singula,
875 1092 943 1149 bina
961 1092 1036 1151 videl

288 1185 368 1248 turpe
386 1179 477 1234 iacens
495 1177 593 1234 mulier
610 1178 698 1232 multo
716 1178 875 1237 madefacta
892 1178 997 1249 Lyaeo:

357 1265 468 1333 dignust
486 1264 646 1318 concubitus
664 1264 800 1332 quoslibet
817 1264 866 1322 illa
883 1265 951 1335 pati.

148 1357 242 1418 Unde
265 1360 359 1436 turpe
383 1350 461 1417 illud
481 1353 609 1417 Luxorii
639 1353 761 1418 anthol.
786 1353 840 1418 lat.
864 1356 933 1420 363.
985 1353 1232 1439 Quodammodo
1253 1355 1317 1419 huc

147 1459 295 1536 spectant
317 1454 413 1518 eliaru
436 1453 603 1517 Phronesii
625 1454 725 1517 verba
748 1454 780 1517 in
804 1454 911 1519 Plauti
928 1454 1057 1519 Trucul.
1070 1439 1143 1519 *854
1153 1474 1200 1536 sq.

217 1553 303 1607 blitea
322 1556 350 1606 et
367 1553 468 1606 luteast
485 1550 624 1618 meretrix,
643 1551 695 1605 nisi
714 1569 784 1619 quae
801 1551 875 1622 sapit
893 1551 921 1605 in
942 1551 1006 1606 vino
1026 1552 1060 1606 ad
1080 1569 1137 1607 rem
1155 1569 1241 1613 suam,

217 1640 239 1692 si
259 1639 315 1693 alia
332 1638 457 1693 membra
476 1637 539 1690 vino
557 1637 697 1706 madeant,
717 1654 763 1691 cor
781 1638 818 1692 sit
835 1639 934 1693 saltem
953 1637 1082 1695 sobrium.

149 1726 292 1807 Denique
314 1730 408 1803 artes,
441 1725 558 1806 quibus
580 1725 713 1790 Ovidius
734 1725 857 1806 puellas
879 1727 920 1790 ad
945 1726 1090 1808 corporis
1112 1727 1189 1790 vitia
1211 1727 1317 1790 occul·

149 1825 249 1888 landa
271 1826 414 1902 instruit,
443 1845 596 1909 maguam
626 1827 799 1892 ostendunt
826 1825 1067 1894 similitudinem
1098 1846 1171 1892 cum
1195 1825 1318 1890 artibus
1409 1845 1412 1850 ·

150 1925 345 2002 meretriciis
379 1945 461 2007 quas
491 1930 659 2022 enumerat
687 1925 796 1991 Alexis
827 1923 859 1988 in
890 1925 1028 1990 lsoslasii
1058 1925 1238 2009 fragmento
1266 1929 1316 2003 ll8,

148 2027 185 2088 K.
200 2027 229 2089 ll
243 2046 274 2106 p.
290 2025 366 2100 3a93
390 2025 479 2089 cuius
500 2025 671 2106 fragmenti
690 2044 800 2088 versus
819 2025 871 2088 hic
890 2025 1071 2092 adscribam
1084 2025 1188 2093 Ovidii
1213 2027 1319 2091 verbis

150 2125 403 2205 congruentibus
424 2144 482 2188 suo
505 2143 634 2205 quoque
656 2124 725 2188 loco
747 2125 890 2188 insertis:
912 2146 942 2188 v,
958 2127 978 2187 5
994 2144 1065 2206 sqq.

297 2217 385 2281 εὐθὺς
404 2217 610 2276 ἀναπλάττουσι
632 2220 742 2286 ταύτας,
761 2217 831 2276 ὥστε
848 2220 921 2294 μήτε
942 2218 1006 2282 τοὺς
1025 2220 1145 2292 τρόπους

295 2306 367 2380 μήτε
387 2303 436 2368 τὰς
454 2305 538 2375 ὄψεις
556 2304 656 2380 ὁμοίας
673 2309 814 2362 διατελεῖν
834 2306 917 2368 οὔσας
936 2308 986 2363 ἔτι.

297 2393 432 2467 τυγχάνει
449 2394 538 2467 μικρά
557 2415 598 2456 τις
616 2383 691 2460 οὖσα,
713 2392 812 2464 φελλὸς
831 2393 862 2450 ἐν
882 2403 941 2456 ταῖς
958 2399 1087 2464 βαυκίσιν

297 2479 508 2550 ἐγκεκάττυται·
526 2479 622 2553 μακρά
642 2501 692 2548 τις,
711 2480 867 2555 διάβαθρον
885 2477 965 2535 lenti
971 2503 987 2534 ν
1006 2489 1090 2553 φορεῖ

298 2566 347 2638 τήν
367 2586 397 2620 τε
417 2564 541 2637 κεφαλὴν
560 2566 606 2625 ἐπὶ
626 2564 673 2620 τὸν
691 2555 767 2638 οἶμον
786 2564 970 2638 καταβαλοῦσ’
989 2566 1139 2640 ἐξέρχεται.

298 2651 378 2705 τοῦτο
400 2652 448 2705 τοῦ
465 2656 571 2724 μήκους
590 2649 714 2720 ἀφεῖλεν.

151 2744 255 2806 Etiam
279 2741 412 2806 Ovidius
433 2744 491 2804 art.
517 2742 561 2805 Ill
585 2742 645 2806 9263
658 2762 727 2823 sqq.
751 2742 875 2806 feminis
898 2741 1032 2806 artificia
1054 2740 1179 2814 subicit,
1202 2737 1318 2819 quibus

151 2842 284 2904 nimiam
309 2841 432 2920 figurae
452 2840 642 2904 brevitatem
661 2842 763 2904 celare
779 2842 910 2922 possint,
936 2841 991 2904 scd
1011 2835 1108 2921 paulo
1124 2838 1166 2901 ab
1179 2834 1319 2900 Alexidis

152 2942 312 3004 differunt.
357 2939 458 3020 Magis
480 2959 556 3003 vero
578 2947 775 3022 congruunt:

188 3055 309 3122 Alexidis
329 3073 353 3107 v.
374 3054 454 3123 lOsq.
715 3119 724 3137 ἓ

691 3143 742 3177 ουκ
761 3120 818 3194 ἔχει
838 3141 880 3181 τις
897 3120 978 3194 ἰσχία,

353 3205 500 3265 rinsrs'dvn'
519 3207 655 3283 ἐραμμέν’
673 3206 768 3281 αὐτήν,
787 3203 856 3262 ὥστε
875 3204 926 3278 τὴν
945 3204 1083 3275 εὐπυγίαν

351 3292 473 3366 ἀναβοᾶν
492 3294 556 3357 τοὺς
575 3297 734 3358 εἰσιδόντας.

189 3382 267 3435 ovid.
284 3385 335 3437 art.
356 3383 395 3436 Ill
415 3385 464 3437 267
481 3403 520 3453 sq.

350 3487 420 3536 quae
439 3469 555 3523 nimium
575 3470 692 3539 gracilis,
710 3472 790 3539 pleno
810 3467 947 3523 velamina
965 3469 1010 3522 filo

421 3558 520 3623 sumat,
539 3560 567 3609 et
585 3573 617 3609 ex
637 3555 736 3610 umeris
753 3556 830 3627 laxus
849 3555 965 3609 amictus
984 3558 1035 3609 eat.

191 3637 268 3690 Ovid.
288 3643 340 3692 art.
356 3636 391 3693 111
412 3642 463 3694 272

353 3727 433 3782 arida
451 3746 501 3781 nec
520 3727 616 3780 vinclis
634 3743 714 3779 crura
732 3725 837 3779 resolve
855 3725 916 3778 suis.

156 3809 266 3873 Alexis
278 3832 307 3874 v.
320 3815 356 3876 13
368 3835 414 3896 sq.
428 3819 459 3878 et
473 3814 606 3878 Ovidius
619 3834 646 3875 v.
657 3814 717 3876 ala
729 3832 798 3894 sqq.
815 3817 990 3893 exponunt,
1011 3812 1173 3893 quomodo
1190 3810 1327 3891 pectoris

158 3910 259 3974 forma
283 3913 394 3977 melior
416 3915 516 3977 videri
530 3914 639 3994 possit,
663 3913 719 3976 sed
740 3916 876 3993 uterque
896 3911 959 3974 alia
981 3911 1097 3974 auxilia
1120 3911 1242 3973 suadet.
1282 3910 1326 3970 At

157 4011 253 4091 plane
276 4012 496 4076 consentiunt:

192 4109 342 4179 fragmenti
363 4129 385 4164 ν.
407 4111 439 4163 16

354 4192 635 4270 costantinopoli
655 4195 712 4267 ἔχει
732 4212 781 4258 τις,
802 4193 993 4262 ζωγραφοῦσιν
1012 4189 1120 4264 ἀσβόλῳ·
