2946 4734
703 232 745 298 73

148 428 271 472 narum
286 391 486 474 comicarnm
499 407 648 474 moribus
664 406 721 494 qui
744 406 855 473 solent
870 406 984 472 induci
997 407 1094 472 nobis
1118 408 1294 494 praebent,

150 513 317 598 probatur
345 516 521 599 poetarum
546 511 821 579 consuetudinem
850 511 955 579 certis
977 512 1168 600 praeceptis
1191 513 1297 579 direc-

150 622 221 683 tam
237 617 352 700 fuisse,
367 617 458 704 quod
473 616 599 684 certius
615 617 817 704 probabitur
835 616 971 683 scholiis
986 640 1074 682 nunc
1089 617 1297 684 exhibendis.

239 721 377 790 Scilicet
421 746 489 790 non
533 722 648 790 eodem
692 721 790 788 modo
846 745 910 810 quo
956 725 1121 809 quattuor
1165 723 1296 808 legibus

149 831 253 894 antea
290 828 449 896 exhibitis
487 828 538 895 his
579 827 772 915 praeceptis
818 826 996 894 constricti
1042 831 1122 894 suut
1165 833 1296 915 poetae,

151 933 239 1020 quod
269 933 336 1000 iam
358 933 554 1015 monuimus,
587 933 645 999 sed
676 932 848 1016 interdum
870 955 892 998 a
914 933 1155 999 consuetudine
1187 955 1298 1000 reces-
1346 1002 1349 1007 ,

150 1041 270 1105 serunt
314 1043 351 1104 et
394 1038 585 1126 praeceptis
639 1037 806 1125 neglectis
859 1060 1022 1125 personas
1066 1061 1155 1106 novo
1199 1039 1297 1106 modo

149 1142 299 1209 moribus
345 1144 593 1210 instruxerunt.
659 1143 846 1229 Praecipue
890 1141 1096 1229 Apollodori
1140 1143 1298 1227 Hecyrae

148 1269 315 1334 personae
349 1250 391 1315 ab
423 1249 567 1315 aliarum
600 1248 791 1314 tabularum
826 1248 982 1335 personis
1016 1248 1173 1314 diversae
1207 1253 1297 1329 sunt,

149 1352 240 1438 quod
276 1357 313 1420 et
348 1377 409 1420 nos
447 1353 747 1420 animadvertimus
785 1357 821 1420 et
865 1352 1070 1420 scholiastae
1113 1352 1298 1439 diligenter

150 1461 187 1523 et
209 1458 319 1544 ample
341 1462 593 1525 annotaverunt
604 1458 638 1544 ¹).
684 1457 763 1524 Scil.
787 1458 840 1524 his
869 1457 1004 1525 scholiis
1038 1457 1080 1524 de
1112 1479 1153 1524 ea
1184 1479 1222 1523 re
1245 1478 1297 1523 ac-

149 1564 222 1627 tum
261 1568 329 1631 est:
368 1562 514 1630 Euanth.
539 1564 596 1629 III
627 1567 648 1627 4
680 1564 770 1650 ‚quin
795 1565 897 1630 etiam
930 1562 1021 1630 solus
1053 1583 1191 1629 ausus
1224 1567 1298 1629 est

150 1667 221 1734 soil.
245 1668 332 1751 Ter,
364 1692 438 1735 oum
469 1669 505 1735 in
534 1668 622 1735 fictis
646 1668 857 1754 argumentis
881 1668 980 1735 fidem
1012 1668 1175 1735 veritatis
1208 1689 1296 1734 asse-

149 1777 324 1859 queretur,
349 1775 450 1840 etiam
474 1777 636 1864 contra
667 1773 968 1860 praescripta
1000 1774 1169 1839 comica
1192 1794 1298 1839 mere-

150 1879 255 1944 trices
287 1879 459 1944 interdum
487 1902 555 1945 non
585 1878 692 1944 malas
721 1879 947 1958 introducere,
982 1877 1102 1963 quibus
1124 1881 1239 1943 tamen
1262 1882 1299 1944 et

149 2005 306 2063 causa,
340 2006 419 2050 cur
450 1986 593 2051 bonae
626 1984 740 2064 sint,
775 1988 811 2050 et
842 1983 1061 2070 voluptas
1095 2006 1158 2069 per
1188 1982 1296 2070 ipsum

148 2110 216 2154 non
239 2088 349 2170 desit‘,
378 2090 458 2156 Hec.
483 2089 590 2176 praef.
615 2090 634 2155 I
656 2091 677 2154 9
702 2090 746 2171 ,in
768 2093 846 2155 tota
878 2088 1048 2155 comoedia
1078 2087 1141 2155 hoc
1169 2089 1297 2174 agitur,

148 2196 284 2259 utres
319 2216 462 2260 novae
502 2195 807 2260 fiantnectamen
838 2193 1128 2260 abhorreant
1160 2214 1297 2259 acon·

154 2298 413 2365 suetudine:
462 2300 668 2365 inducuntur
711 2298 800 2365 enim
832 2298 1082 2364 benivolas
1127 2319 1297 2380 socrus,

153 2405 416 2470 verecunda
442 2427 597 2485 nurus,
628 2404 895 2471 lenissimus
931 2403 974 2468 in
1007 2424 1192 2468 uxorem
1225 2423 1302 2467 ma-

153 2508 275 2574 ritus
306 2512 351 2575 et
382 2510 490 2576 item
526 2509 712 2576 deditus
744 2509 886 2575 matri
919 2528 1042 2588 suae,
1076 2507 1302 2573 meretrix

153 2614 285 2696 bona‘,
316 2614 397 2681 Hec.
422 2615 526 2681 727.1
561 2636 701 2704 ,rarus
733 2613 807 2679 hio
835 2614 962 2679 vitae
993 2612 1118 2680 color
1148 2612 1192 2677 in
1223 2612 1302 2677 hac

153 2717 358 2785 allocutione
389 2721 549 2787 miscetur
581 2741 603 2786 a
628 2722 740 2807 poeta,
773 2741 851 2785 nam
880 2718 1046 2784 meretrix
1078 2717 1233 2804 loquitur
1265 2720 1301 2782 et

153 2845 255 2890 senex
293 2833 329 2890 et
372 2825 462 2912 quod
506 2828 558 2891 est
602 2824 853 2904 admirabilius,
900 2827 1013 2890 bona
1057 2821 1300 2902 meretrix,

152 2929 280 2995 mitis
327 2952 481 3011 senex,
539 2934 579 2996 ut
622 2930 804 3016 intellegas
848 2928 1090 2995 laborasse
1138 2926 1300 2992 Teren-

152 3034 282 3115 tium,
307 3040 355 3099 ut
377 3056 398 3100 a
419 3033 521 3122 lege
544 3035 815 3101 comicorum
838 3033 1083 3099 recederet
1105 3035 1141 3096 et
1163 3030 1198 3096 in
1221 3038 1301 3096 actu

152 3140 266 3204 tamen
311 3139 686 3205 consuetudinem
734 3139 994 3218 retineret‘,
1040 3134 1301 3216 774.3,mu1a

152 3243 228 3308 Ter.
246 3243 395 3310 feliciter
418 3266 554 3310 ausus
577 3249 648 3311 est
672 3249 774 3310 arte
798 3244 972 3322 fretus,
996 3245 1300 3308 nametsoorus

151 3349 292 3414 bonas
316 3353 351 3415 et
373 3350 647 3416 meretrices
676 3349 862 3415 honesti
893 3346 1083 3433 cupidas
1106 3349 1300 3433 praeter

152 3475 277 3540 quam
300 3453 628 3541 pervulgatum
651 3459 721 3520 est
743 3454 828 3520 facit
845 3504 852 3517 .
870 3504 877 3518 .
898 3452 961 3518 hoc
984 3455 1105 3520 contra
1127 3451 1213 3516 illud
1235 3456 1297 3533 est,

152 3558 241 3645 quod
274 3559 357 3625 alibi
379 3559 477 3644 (Eun
512 3559 600 3646 prol.
629 3562 684 3643 37)
719 3559 779 3639 ait,
817 3579 1041 3623 commune
1078 3556 1161 3623 iam
1200 3578 1299 3621 esse

152 3663 346 3730 omnibus
369 3664 541 3731 comicis
558 3667 708 3745 „bonas
731 3667 949 3729 matronas
965 3663 1088 3742 facere,
1105 3662 1299 3737 meretri·

151 3791 223 3836 ces
255 3768 442 3850 malas“‘,
475 3771 560 3836 Eun.
585 3772 649 3835 198
682 3770 745 3850 ‚hic
768 3769 845 3834 Ter.
870 3767 1022 3833 ostendit
1053 3766 1194 3832 virtutis
1219 3783 1298 3833 suae

246 3956 270 4021 1)
290 3952 421 4007 Fortasse
448 3954 529 4007 etiam
556 3955 607 4007 hoc
634 3963 694 4006 erat
721 3955 747 4006 in
775 3968 866 4019 causa,
893 3952 985 4004 uthis
1007 3951 1162 4017 exigeretur
1183 3951 1298 4019 Hecyra,

153 4048 254 4116 quippe
281 4047 325 4100 cui
356 4047 512 4115 praeferret
539 4049 657 4116 populus
684 4046 872 4100 funambulum
902 4054 930 4099 et
957 4045 1071 4113 pugiles,
1110 4047 1236 4096 t'eterurn
1265 4041 1298 4095 de

153 4134 314 4204 Apollodori
332 4135 478 4190 Menandri
504 4137 574 4189 viam
600 4136 779 4203 relinquentis
806 4135 919 4189 consilio
946 4133 1157 4200 attrectatione
1181 4131 1298 4199 arnplius

137 4225 294 4294 ‘disputare
312 4231 437 4278 nostrum
456 4242 509 4279 non
529 4233 578 4278 est.
623 4225 747 4278 Breviter
766 4223 897 4277 crannulla
917 4221 986 4276 dixit
1007 4223 1062 4276 Leo
1083 4221 1171 4274 l'laut.
1185 4218 1297 4274 Forseh.

152 4334 179 4384 p.
200 4317 251 4368 126
269 4321 363 4368 annot.
382 4317 419 4382 4).
