2946 4734
235 1651 333 1733 Quod
349 1651 390 1717 de
401 1652 528 1718 veteris
544 1650 632 1719 artis
647 1649 801 1738 poeticae
817 1651 918 1737 parte
933 1671 1019 1737 quae
1035 1647 1181 1731 astarot
1198 1650 1309 1732 ἠθῶνθ

147 1780 253 1845 agere
273 1757 355 1824 mihi
377 1757 551 1845 proposui,
590 1757 631 1823 de
654 1755 945 1823 commentationis
976 1754 1111 1821 ratione
1132 1753 1297 1821 nonnulla

148 1863 324 1950 praemitti
347 1865 494 1949 oportet.
539 1862 618 1928 Viri
641 1861 771 1928 scilicet
800 1861 893 1928 docti
916 1860 973 1948 qui
996 1859 1204 1927 Graecorum
1225 1860 1297 1926 arti

147 1969 302 2055 poeticae
333 1969 537 2035 studuerunt
560 1968 801 2054 (Romanorum
833 1987 913 2033 sano
941 1987 1121 2052 numquam
1145 1966 1296 2051 exstitit)

148 2074 345 2161 plerumque
383 2073 455 2141 solo
495 2073 695 2140 Aristotelis
732 2073 818 2138 libro
863 2070 1061 2138 brevissimo
1100 2073 1295 2151 utebantur,

149 2173 290 2265 quocum
321 2178 542 2246 conferebant
564 2178 736 2245 breviores
769 2177 956 2265 dubiaeque
990 2176 1069 2242 fidei
1101 2178 1295 2259 tractatus3

149 2305 214 2368 quo
245 2281 374 2349 factum
406 2287 468 2366 est,
503 2287 543 2350 ut
574 2284 687 2370 capita
720 2282 853 2370 quidem
875 2282 1074 2370 disciplinae
1101 2286 1297 2349 tractarent

148 2409 210 2454 neo
231 2410 299 2453 non
322 2388 471 2454 fructum
487 2410 529 2454 ax
544 2410 584 2454 ea
599 2411 636 2454 re
656 2388 881 2475 perciperent,
907 2388 967 2454 sed
981 2387 1132 2474 singulas
1148 2409 1297 2474 quasque

148 2497 186 2558 et
218 2493 410 2561 subtiliores
441 2516 494 2560 res
524 2494 756 2579 neglegerent.
803 2494 918 2576 Quare
941 2516 1008 2558 non
1035 2515 1220 2579 progressa
1243 2498 1297 2559 est

150 2621 215 2678 res,
239 2621 339 2685 quam
361 2602 434 2665 tum
456 2600 588 2666 demum
610 2599 701 2665 iuste
723 2599 869 2665 tractari
884 2620 983 2686 posse
1001 2596 1218 2664 manifestum
1234 2601 1296 2680 est,

149 2724 224 2767 oum
256 2703 366 2769 omnia
396 2704 440 2771 ad
468 2708 579 2771 artem
610 2703 777 2790 poeticam
808 2725 894 2789 qnae
927 2703 1104 2791 pertinent
1135 2708 1298 2790 congesta

149 2811 262 2883 erunt,
296 2812 335 2874 ut
359 2809 504 2896 deipsis
528 2809 616 2875 artis
639 2809 795 2895 partibus
819 2808 985 2895 ampliora
1008 2812 1172 2874 eruantur
1194 2811 1297 2893 atquc

149 2912 298 2979 fortasse
320 2918 496 3000 appareat,
521 2915 683 3001 quomodo
708 2913 844 2979 exculta
867 2912 914 2979 sit
936 2912 1122 2999 disciplina.

238 3017 388 3099 Quarum
422 3019 507 3085 artis
541 3019 694 3106 poeticae
727 3017 878 3106 partium
910 3017 983 3083 fere
1013 3016 1217 3103 gravissima
1244 3021 1297 3083 est

150 3120 226 3202 περὶ
250 3124 346 3206 ἠθῶν
368 3146 458 3209 pars,
489 3127 611 3211 quippe
642 3146 727 3211 quae
756 3146 823 3188 non
853 3123 960 3189 solum
989 3121 1033 3188 ad
1063 3121 1297 3208 1111116111-

150 3248 267 3292 corum
289 3231 398 3294 1111111
421 3230 596 3316 poeticam,
622 3228 798 3295 sedetiam
818 3228 861 3294 ad
877 3227 1073 3293 universum
1089 3227 1297 3294 Graecorum

150 3334 227 3413 βίον
259 3336 401 3419 spectet.
447 3333 530 3400 Cum
563 3333 650 3400 enim
683 3333 795 3399 oculos
828 3333 1040 3419 animumque
1071 3332 1113 3398 ad
1146 3328 1320 3432 singulos!

150 3437 244 3503 viros
269 3438 460 3505 transferre
484 3439 671 3526 inciperent
697 3438 822 3505 Graeci
845 3438 1036 3524 singulique
1059 3460 1098 3503 11
1121 3458 1202 3503 vera
1228 3444 1316 3517 rem{

150 3540 318 3628 publicam
347 3567 466 3629 regere
496 3546 687 3631 artiumque
717 3566 916 3630 progressus
940 3542 1087 3661 dirigere
1109 3542 1299 3628 inciperent

150 3647 254 3734 (quod
276 3647 354 3714 inde
378 3671 398 3714 1
420 3649 539 3735 quinto
564 3649 695 3715 saeculo
720 3650 925 3728 factumest,
950 3648 1103 3735 quamvis
1120 3647 1177 3712 diu
1193 3646 1299 3712 fuerit

152 3753 415 3839 praeparatum),
451 3759 524 3820 tum
557 3759 651 3821 totus
674 3758 749 3838 βίος
771 3757 922 3820 mutatus
959 3757 1020 3819 est.
1066 3752 1181 3817 Antea
1211 3752 1298 3817 enim

151 3856 241 3943 quod
263 3859 305 3924 ab
328 3858 405 3924 aliis
436 3860 601 3925 traditum
624 3863 701 3927 erat
723 3859 871 3925 homiues
905 3862 1115 3944 acceperant,
1146 3878 1234 3921 nuno
1257 3855 1298 3919 de

151 3961 193 4026 iis
216 3962 298 4048 ipsis
322 3965 423 4029 rebus
453 3963 623 4030 dubitatio
652 3964 789 4030 exstitit
812 3985 916 4050 eaque
939 3965 1075 4028 tantum
1098 3960 1224 4045 singuli
1246 3980 1297 4024 ac-

153 4071 324 4154 cepenmt,
349 4089 432 4155 quae
455 4069 521 4156 ipsi
542 4072 782 4156 probaverant.
821 4069 899 4154 Ipse
922 4067 1010 4133 enim
1032 4065 1129 4130 homo
1154 4064 1297 4129 omnium

152 4193 265 4238 rerum
287 4173 404 4239 modus
437 4196 510 4241 esse
540 4174 731 4242 videbatur.
778 4173 851 4255 Quo
882 4172 1095 4250 factumest,
1126 4178 1166 4235 ut
1189 4167 1297 4253 magis

152 4276 324 4364 magisque
359 4278 537 4346 studerent
573 4279 782 4364 singulorum
816 4276 983 4342 hominum
1016 4276 1159 4339 naturae
1193 4275 1297 4357 atque

1057 4382 1069 4430 l
