<?xml version="1.0" encoding="UTF-8"?>
<!DOCTYPE html PUBLIC "-//W3C//DTD XHTML 1.0 Transitional//EN"
    "http://www.w3.org/TR/xhtml1/DTD/xhtml1-transitional.dtd">
<html xmlns="http://www.w3.org/1999/xhtml" xml:lang="en" lang="en">
 <head>
  <title>
</title>
<meta http-equiv="Content-Type" content="text/html;charset=utf-8" />
  <meta name='ocr-system' content='tesseract 3.04.00' />
  <meta name='ocr-capabilities' content='ocr_page ocr_carea ocr_par ocr_line ocrx_word'/>
</head>
<body>
  <div class='ocr_page' id='page_1' title='image "./deincertipoetae00schagoog_0040.png"; bbox 0 0 2946 4734; ppageno 0'>
   <div class='ocr_carea' id='block_1_1' title="bbox 667 238 707 302">
    <p class='ocr_par' dir='ltr' id='par_1_1' title="bbox 667 238 707 302">
     <span class='ocr_line' id='line_1_1' title="bbox 667 238 707 302; baseline 0 0"><span class='ocrx_word' id='word_1_1' title='bbox 667 238 707 302; x_wconf 66' lang='lat'>29</span> 
     </span>
    </p>
   </div>
   <div class='ocr_carea' id='block_1_2' title="bbox 101 417 1271 604">
    <p class='ocr_par' dir='ltr' id='par_1_2' title="bbox 101 417 1271 604">
     <span class='ocr_line' id='line_1_2' title="bbox 184 417 1271 502; baseline 0.004 -20"><span class='ocrx_word' id='word_1_2' title='bbox 184 421 214 484; x_wconf 80' lang='lat' dir='ltr'>c.</span> <span class='ocrx_word' id='word_1_3' title='bbox 250 419 413 502; x_wconf 84' lang='lat' dir='ltr'>Euripides</span> <span class='ocrx_word' id='word_1_4' title='bbox 427 418 565 498; x_wconf 79' lang='lat' dir='ltr'>tragicus</span> <span class='ocrx_word' id='word_1_5' title='bbox 581 417 794 500; x_wconf 55' lang='grc' dir='ltr'>ἐπικήδειον)</span> <span class='ocrx_word' id='word_1_6' title='bbox 811 419 998 502; x_wconf 86' lang='lat' dir='ltr'>conscripsit</span> <span class='ocrx_word' id='word_1_7' title='bbox 1014 419 1045 485; x_wconf 92' lang='lat' dir='ltr'>in</span> <span class='ocrx_word' id='word_1_8' title='bbox 1059 417 1271 488; x_wconf 73' lang='lat' dir='ltr'>Athenienses</span> 
     </span>
     <span class='ocr_line' id='line_1_3' title="bbox 101 519 1271 604; baseline 0.002 -19"><span class='ocrx_word' id='word_1_9' title='bbox 101 523 157 604; x_wconf 88' lang='lat' dir='ltr'>qui</span> <span class='ocrx_word' id='word_1_10' title='bbox 179 523 210 584; x_wconf 91' lang='lat' dir='ltr'>in</span> <span class='ocrx_word' id='word_1_11' title='bbox 233 521 340 584; x_wconf 82' lang='lat' dir='ltr'>Sicilia</span> <span class='ocrx_word' id='word_1_12' title='bbox 361 522 530 602; x_wconf 84' lang='lat' dir='ltr'>perierant,</span> <span class='ocrx_word' id='word_1_13' title='bbox 561 521 650 583; x_wconf 89' lang='lat' dir='ltr'>cuius</span> <span class='ocrx_word' id='word_1_14' title='bbox 671 519 763 582; x_wconf 87' lang='lat' dir='ltr'>nobis</span> <span class='ocrx_word' id='word_1_15' title='bbox 779 524 938 583; x_wconf 90' lang='lat' dir='ltr'>servatum</span> <span class='ocrx_word' id='word_1_16' title='bbox 956 526 1003 585; x_wconf 87' lang='lat' dir='ltr'>est</span> <span class='ocrx_word' id='word_1_17' title='bbox 1027 523 1088 586; x_wconf 90' lang='lat' dir='ltr'>hoc</span> <span class='ocrx_word' id='word_1_18' title='bbox 1104 522 1271 603; x_wconf 71' lang='lat' dir='ltr'>{distichon</span> 
     </span>
    </p>
   </div>
   <div class='ocr_carea' id='block_1_3' title="bbox 10 620 520 707">
    <p class='ocr_par' dir='ltr' id='par_1_3' title="bbox 10 620 520 707">
     <span class='ocr_line' id='line_1_4' title="bbox 10 620 520 707; baseline 0 -25"><span class='ocrx_word' id='word_1_19' title='bbox 10 684 20 707; x_wconf 53' lang='lat'><em>,</em></span> <span class='ocrx_word' id='word_1_20' title='bbox 102 621 160 702; x_wconf 84' lang='lat' dir='ltr'>frg.</span> <span class='ocrx_word' id='word_1_21' title='bbox 187 622 199 684; x_wconf 90' lang='lat'>1</span> <span class='ocrx_word' id='word_1_22' title='bbox 225 622 313 702; x_wconf 86' lang='lat' dir='ltr'>apud</span> <span class='ocrx_word' id='word_1_23' title='bbox 334 620 520 699; x_wconf 83' lang='lat' dir='ltr'>Bergkium:</span> 
     </span>
    </p>
   </div>
   <div class='ocr_carea' id='block_1_4' title="bbox 100 736 1274 1536">
    <p class='ocr_par' dir='ltr' id='par_1_4' title="bbox 100 736 1274 1536">
     <span class='ocr_line' id='line_1_5' title="bbox 163 736 905 818; baseline -0.005 -16"><span class='ocrx_word' id='word_1_24' title='bbox 163 736 243 802; x_wconf 74' lang='grc' dir='ltr'><strong><em>Οἵδε</em></strong></span> <span class='ocrx_word' id='word_1_25' title='bbox 264 742 480 817; x_wconf 77' lang='grc' dir='ltr'><strong><em>Συρακοσίους</em></strong></span> <span class='ocrx_word' id='word_1_26' title='bbox 500 736 587 799; x_wconf 74' lang='lat' dir='ltr'>rinei</span> <span class='ocrx_word' id='word_1_27' title='bbox 609 739 698 809; x_wconf 78' lang='grc' dir='ltr'><strong><em>νίκας</em></strong></span> <span class='ocrx_word' id='word_1_28' title='bbox 719 737 905 818; x_wconf 78' lang='grc' dir='ltr'><strong><em>ἐκράτησαν</em></strong></span> 
     </span>
     <span class='ocr_line' id='line_1_6' title="bbox 265 826 1082 918; baseline 0.002 -21"><span class='ocrx_word' id='word_1_29' title='bbox 265 833 391 915; x_wconf 80' lang='grc' dir='ltr'><strong><em>ἄνδρες,</em></strong></span> <span class='ocrx_word' id='word_1_30' title='bbox 415 832 462 898; x_wconf 80' lang='grc' dir='ltr'>ὅτ’</span> <span class='ocrx_word' id='word_1_31' title='bbox 483 826 526 918; x_wconf 74' lang='grc' dir='ltr'>ἦν</span> <span class='ocrx_word' id='word_1_32' title='bbox 547 836 588 896; x_wconf 74' lang='grc' dir='ltr'>ια’</span> <span class='ocrx_word' id='word_1_33' title='bbox 611 839 701 898; x_wconf 77' lang='grc' dir='ltr'><strong><em>θεῶν</em></strong></span> <span class='ocrx_word' id='word_1_34' title='bbox 722 837 759 911; x_wconf 82' lang='grc' dir='ltr'>ἐξ</span> <span class='ocrx_word' id='word_1_35' title='bbox 781 835 855 899; x_wconf 83' lang='grc' dir='ltr'><em>ἴσου</em></span> <span class='ocrx_word' id='word_1_36' title='bbox 878 836 1082 917; x_wconf 73' lang='grc' dir='ltr'><strong><em>οἶμᾳοτέροις.</em></strong></span> 
     </span>
     <span class='ocr_line' id='line_1_7' title="bbox 101 952 1272 1035; baseline 0 -18"><span class='ocrx_word' id='word_1_37' title='bbox 101 954 195 1032; x_wconf 86' lang='lat' dir='ltr'>Quod</span> <span class='ocrx_word' id='word_1_38' title='bbox 224 974 322 1017; x_wconf 90' lang='lat' dir='ltr'>unum</span> <span class='ocrx_word' id='word_1_39' title='bbox 356 953 460 1016; x_wconf 93' lang='lat' dir='ltr'>solum</span> <span class='ocrx_word' id='word_1_40' title='bbox 491 953 646 1016; x_wconf 73' lang='lat' dir='ltr'>distichon</span> <span class='ocrx_word' id='word_1_41' title='bbox 676 952 768 1016; x_wconf 90' lang='lat' dir='ltr'>uobis</span> <span class='ocrx_word' id='word_1_42' title='bbox 798 953 918 1034; x_wconf 83' lang='lat' dir='ltr'>aperit,</span> <span class='ocrx_word' id='word_1_43' title='bbox 953 973 1017 1035; x_wconf 91' lang='lat' dir='ltr'>quo</span> <span class='ocrx_word' id='word_1_44' title='bbox 1049 955 1145 1017; x_wconf 86' lang='lat' dir='ltr'>modo</span> <span class='ocrx_word' id='word_1_45' title='bbox 1176 959 1272 1035; x_wconf 89' lang='lat' dir='ltr'>poeta</span> 
     </span>
     <span class='ocr_line' id='line_1_8' title="bbox 100 1052 1274 1131; baseline 0.002 -15"><span class='ocrx_word' id='word_1_46' title='bbox 100 1057 200 1131; x_wconf 76' lang='lat' dir='ltr'>egerit</span> <span class='ocrx_word' id='word_1_47' title='bbox 221 1055 261 1117; x_wconf 92' lang='lat' dir='ltr'>de</span> <span class='ocrx_word' id='word_1_48' title='bbox 282 1054 334 1116; x_wconf 91' lang='lat' dir='ltr'>illa</span> <span class='ocrx_word' id='word_1_49' title='bbox 356 1053 598 1116; x_wconf 74' lang='lat' dir='ltr'>Atheniensium</span> <span class='ocrx_word' id='word_1_50' title='bbox 620 1052 720 1116; x_wconf 88' lang='lat' dir='ltr'>clade.</span> <span class='ocrx_word' id='word_1_51' title='bbox 763 1053 846 1116; x_wconf 89' lang='lat' dir='ltr'>Nam</span> <span class='ocrx_word' id='word_1_52' title='bbox 874 1056 910 1116; x_wconf 92' lang='lat' dir='ltr'>ut</span> <span class='ocrx_word' id='word_1_53' title='bbox 939 1053 972 1116; x_wconf 93' lang='lat' dir='ltr'>in</span> <span class='ocrx_word' id='word_1_54' title='bbox 1000 1054 1052 1116; x_wconf 91' lang='lat' dir='ltr'>illo</span> <span class='ocrx_word' id='word_1_55' title='bbox 1069 1052 1151 1116; x_wconf 90' lang='lat' dir='ltr'>bello</span> <span class='ocrx_word' id='word_1_56' title='bbox 1174 1055 1274 1118; x_wconf 88' lang='lat' dir='ltr'>Athe-</span> 
     </span>
     <span class='ocr_line' id='line_1_9' title="bbox 100 1153 1273 1235; baseline 0.002 -20"><span class='ocrx_word' id='word_1_57' title='bbox 100 1154 227 1222; x_wconf 83' lang='lat' dir='ltr'>nienses</span> <span class='ocrx_word' id='word_1_58' title='bbox 247 1155 344 1216; x_wconf 88' lang='lat' dir='ltr'>tantis</span> <span class='ocrx_word' id='word_1_59' title='bbox 366 1153 479 1234; x_wconf 90' lang='lat' dir='ltr'>opibus</span> <span class='ocrx_word' id='word_1_60' title='bbox 499 1153 638 1234; x_wconf 83' lang='lat' dir='ltr'>expediti</span> <span class='ocrx_word' id='word_1_61' title='bbox 665 1157 804 1235; x_wconf 87' lang='lat' dir='ltr'>quantas</span> <span class='ocrx_word' id='word_1_62' title='bbox 827 1153 877 1216; x_wconf 81' lang='lat' dir='ltr'>vix</span> <span class='ocrx_word' id='word_1_63' title='bbox 905 1173 1049 1234; x_wconf 89' lang='lat' dir='ltr'>unquam</span> <span class='ocrx_word' id='word_1_64' title='bbox 1070 1157 1166 1216; x_wconf 88' lang='lat' dir='ltr'>antea</span> <span class='ocrx_word' id='word_1_65' title='bbox 1185 1174 1273 1217; x_wconf 89' lang='lat' dir='ltr'>eom·</span> 
     </span>
     <span class='ocr_line' id='line_1_10' title="bbox 101 1253 1273 1335; baseline 0.003 -20"><span class='ocrx_word' id='word_1_66' title='bbox 101 1258 304 1334; x_wconf 84' lang='lat' dir='ltr'>paraverant.</span> <span class='ocrx_word' id='word_1_67' title='bbox 326 1253 532 1335; x_wconf 80' lang='lat' dir='ltr'>Syracusanis</span> <span class='ocrx_word' id='word_1_68' title='bbox 552 1253 806 1328; x_wconf 77' lang='lat' dir='ltr'>succumberent,</span> <span class='ocrx_word' id='word_1_69' title='bbox 832 1273 896 1316; x_wconf 90' lang='lat' dir='ltr'>non</span> <span class='ocrx_word' id='word_1_70' title='bbox 921 1258 988 1316; x_wconf 88' lang='lat' dir='ltr'>tam</span> <span class='ocrx_word' id='word_1_71' title='bbox 1009 1253 1188 1317; x_wconf 83' lang='lat' dir='ltr'>Siculorum</span> <span class='ocrx_word' id='word_1_72' title='bbox 1211 1255 1273 1318; x_wconf 86' lang='lat' dir='ltr'>vir·</span> 
     </span>
     <span class='ocr_line' id='line_1_11' title="bbox 100 1353 1273 1436; baseline 0 -18"><span class='ocrx_word' id='word_1_73' title='bbox 100 1359 169 1418; x_wconf 88' lang='lat' dir='ltr'>tute</span> <span class='ocrx_word' id='word_1_74' title='bbox 180 1373 280 1434; x_wconf 89' lang='lat' dir='ltr'>quam</span> <span class='ocrx_word' id='word_1_75' title='bbox 292 1353 356 1416; x_wconf 84' lang='lat' dir='ltr'>fato</span> <span class='ocrx_word' id='word_1_76' title='bbox 370 1353 615 1416; x_wconf 86' lang='lat' dir='ltr'>Atheniensibus</span> <span class='ocrx_word' id='word_1_77' title='bbox 626 1373 756 1434; x_wconf 89' lang='lat' dir='ltr'>prorsus</span> <span class='ocrx_word' id='word_1_78' title='bbox 768 1353 877 1435; x_wconf 91' lang='lat' dir='ltr'>iniquo</span> <span class='ocrx_word' id='word_1_79' title='bbox 894 1353 1013 1417; x_wconf 85' lang='lat' dir='ltr'>iactum</span> <span class='ocrx_word' id='word_1_80' title='bbox 1031 1374 1097 1417; x_wconf 86' lang='lat' dir='ltr'>esse</span> <span class='ocrx_word' id='word_1_81' title='bbox 1110 1354 1273 1436; x_wconf 82' lang='lat' dir='ltr'>Euripides</span> 
     </span>
     <span class='ocr_line' id='line_1_12' title="bbox 100 1453 1273 1536; baseline 0.001 -19"><span class='ocrx_word' id='word_1_82' title='bbox 100 1457 203 1535; x_wconf 79' lang='lat' dir='ltr'>putat,</span> <span class='ocrx_word' id='word_1_83' title='bbox 234 1453 321 1534; x_wconf 89' lang='lat' dir='ltr'>quod</span> <span class='ocrx_word' id='word_1_84' title='bbox 347 1454 431 1517; x_wconf 92' lang='lat' dir='ltr'>idem</span> <span class='ocrx_word' id='word_1_85' title='bbox 451 1453 655 1536; x_wconf 82' lang='lat' dir='ltr'>Thucydides</span> <span class='ocrx_word' id='word_1_86' title='bbox 685 1474 814 1536; x_wconf 87' lang='lat' dir='ltr'>quoque</span> <span class='ocrx_word' id='word_1_87' title='bbox 842 1455 914 1517; x_wconf 90' lang='lat' dir='ltr'>huis</span> <span class='ocrx_word' id='word_1_88' title='bbox 939 1454 1013 1518; x_wconf 89' lang='lat' dir='ltr'>belli</span> <span class='ocrx_word' id='word_1_89' title='bbox 1035 1454 1201 1518; x_wconf 84' lang='lat' dir='ltr'>historiam</span> <span class='ocrx_word' id='word_1_90' title='bbox 1223 1474 1273 1518; x_wconf 92' lang='lat' dir='ltr'>re-</span> 
     </span>
    </p>
   </div>
   <div class='ocr_carea' id='block_1_5' title="bbox 100 1554 1273 1733">
    <p class='ocr_par' dir='ltr' id='par_1_5' title="bbox 100 1554 1273 1733">
     <span class='ocr_line' id='line_1_13' title="bbox 100 1554 1273 1636; baseline 0.001 -19"><span class='ocrx_word' id='word_1_91' title='bbox 100 1554 206 1617; x_wconf 85' lang='lat' dir='ltr'>ferens</span> <span class='ocrx_word' id='word_1_92' title='bbox 225 1554 340 1617; x_wconf 90' lang='lat' dir='ltr'>sentire</span> <span class='ocrx_word' id='word_1_93' title='bbox 364 1554 498 1619; x_wconf 82' lang='lat' dir='ltr'>videtur.</span> <span class='ocrx_word' id='word_1_94' title='bbox 535 1554 755 1618; x_wconf 88' lang='lat' dir='ltr'>Consolatoria</span> <span class='ocrx_word' id='word_1_95' title='bbox 776 1575 861 1627; x_wconf 81' lang='lat' dir='ltr'>vere,</span> <span class='ocrx_word' id='word_1_96' title='bbox 890 1575 973 1636; x_wconf 84' lang='lat' dir='ltr'>qnae</span> <span class='ocrx_word' id='word_1_97' title='bbox 996 1555 1029 1617; x_wconf 89' lang='lat' dir='ltr'>in</span> <span class='ocrx_word' id='word_1_98' title='bbox 1052 1555 1219 1635; x_wconf 84' lang='lat' dir='ltr'>tragoediis</span> <span class='ocrx_word' id='word_1_99' title='bbox 1241 1558 1273 1618; x_wconf 91' lang='lat' dir='ltr'>et</span> 
     </span>
     <span class='ocr_line' id='line_1_14' title="bbox 103 1651 1000 1733; baseline 0.002 -20"><span class='ocrx_word' id='word_1_100' title='bbox 103 1651 250 1733; x_wconf 85' lang='lat' dir='ltr'>Aeschyli</span> <span class='ocrx_word' id='word_1_101' title='bbox 274 1656 305 1715; x_wconf 91' lang='lat' dir='ltr'>et</span> <span class='ocrx_word' id='word_1_102' title='bbox 326 1652 483 1733; x_wconf 84' lang='lat' dir='ltr'>Euripidis</span> <span class='ocrx_word' id='word_1_103' title='bbox 504 1653 719 1731; x_wconf 86' lang='lat' dir='ltr'>inveniuntur,</span> <span class='ocrx_word' id='word_1_104' title='bbox 741 1653 824 1717; x_wconf 83' lang='lat' dir='ltr'>inira</span> <span class='ocrx_word' id='word_1_105' title='bbox 844 1655 1000 1717; x_wconf 83' lang='lat' dir='ltr'>tractabo.</span> 
     </span>
    </p>
   </div>
   <div class='ocr_carea' id='block_1_6' title="bbox 100 1786 1274 2369">
    <p class='ocr_par' dir='ltr' id='par_1_6' title="bbox 100 1786 1274 2369">
     <span class='ocr_line' id='line_1_15' title="bbox 185 1786 1272 1868; baseline 0.002 -20"><span class='ocrx_word' id='word_1_106' title='bbox 185 1789 213 1848; x_wconf 88' lang='grc'>7.</span> <span class='ocrx_word' id='word_1_107' title='bbox 256 1786 404 1851; x_wconf 91' lang='lat' dir='ltr'>Venimus</span> <span class='ocrx_word' id='word_1_108' title='bbox 422 1788 463 1850; x_wconf 92' lang='lat' dir='ltr'>ad</span> <span class='ocrx_word' id='word_1_109' title='bbox 485 1792 597 1868; x_wconf 85' lang='lat' dir='ltr'>poetas</span> <span class='ocrx_word' id='word_1_110' title='bbox 618 1789 754 1852; x_wconf 89' lang='lat' dir='ltr'>melicos.</span> <span class='ocrx_word' id='word_1_111' title='bbox 798 1787 978 1853; x_wconf 90' lang='lat' dir='ltr'>Dolendum</span> <span class='ocrx_word' id='word_1_112' title='bbox 1000 1808 1078 1851; x_wconf 79' lang='lat' dir='ltr'>sane</span> <span class='ocrx_word' id='word_1_113' title='bbox 1099 1791 1155 1862; x_wconf 85' lang='lat' dir='ltr'>est,</span> <span class='ocrx_word' id='word_1_114' title='bbox 1185 1787 1272 1868; x_wconf 89' lang='lat' dir='ltr'>quod</span> 
     </span>
     <span class='ocr_line' id='line_1_16' title="bbox 100 1887 1274 1970; baseline 0.002 -20"><span class='ocrx_word' id='word_1_115' title='bbox 100 1887 295 1951; x_wconf 90' lang='lat' dir='ltr'>Graecorum</span> <span class='ocrx_word' id='word_1_116' title='bbox 318 1908 369 1951; x_wconf 88' lang='lat' dir='ltr'>ars</span> <span class='ocrx_word' id='word_1_117' title='bbox 391 1889 503 1953; x_wconf 86' lang='lat' dir='ltr'>melica</span> <span class='ocrx_word' id='word_1_118' title='bbox 526 1890 656 1953; x_wconf 87' lang='lat' dir='ltr'>minime</span> <span class='ocrx_word' id='word_1_119' title='bbox 676 1888 801 1970; x_wconf 88' lang='lat' dir='ltr'>integra</span> <span class='ocrx_word' id='word_1_120' title='bbox 823 1890 914 1953; x_wconf 92' lang='lat' dir='ltr'>nobis</span> <span class='ocrx_word' id='word_1_121' title='bbox 936 1893 983 1952; x_wconf 89' lang='lat' dir='ltr'>est</span> <span class='ocrx_word' id='word_1_122' title='bbox 1010 1889 1143 1962; x_wconf 82' lang='lat' dir='ltr'>tradita,</span> <span class='ocrx_word' id='word_1_123' title='bbox 1170 1889 1216 1952; x_wconf 90' lang='lat' dir='ltr'>ita</span> <span class='ocrx_word' id='word_1_124' title='bbox 1238 1893 1274 1952; x_wconf 93' lang='lat' dir='ltr'>ut</span> 
     </span>
     <span class='ocr_line' id='line_1_17' title="bbox 102 1982 1273 2069; baseline 0.001 -19"><span class='ocrx_word' id='word_1_125' title='bbox 102 1987 228 2051; x_wconf 83' lang='lat' dir='ltr'>difficile</span> <span class='ocrx_word' id='word_1_126' title='bbox 239 1987 280 2050; x_wconf 90' lang='lat' dir='ltr'>sit</span> <span class='ocrx_word' id='word_1_127' title='bbox 295 1988 391 2052; x_wconf 88' lang='lat' dir='ltr'>hasce</span> <span class='ocrx_word' id='word_1_128' title='bbox 407 1988 528 2052; x_wconf 82' lang='lat' dir='ltr'>litteras</span> <span class='ocrx_word' id='word_1_129' title='bbox 541 1990 719 2053; x_wconf 83' lang='lat' dir='ltr'>accuratius</span> <span class='ocrx_word' id='word_1_130' title='bbox 730 1989 852 2053; x_wconf 88' lang='lat' dir='ltr'>intueri.</span> <span class='ocrx_word' id='word_1_131' title='bbox 887 1989 990 2053; x_wconf 84' lang='lat' dir='ltr'>Etiam</span> <span class='ocrx_word' id='word_1_132' title='bbox 1002 1982 1040 2052; x_wconf 78' lang='lat' dir='ltr'>&#39;in</span> <span class='ocrx_word' id='word_1_133' title='bbox 1056 2008 1171 2069; x_wconf 84' lang='lat' dir='ltr'>genere</span> <span class='ocrx_word' id='word_1_134' title='bbox 1185 1989 1273 2052; x_wconf 89' lang='lat' dir='ltr'>thre·</span> 
     </span>
     <span class='ocr_line' id='line_1_18' title="bbox 102 2088 1273 2171; baseline 0 -21"><span class='ocrx_word' id='word_1_135' title='bbox 102 2107 221 2151; x_wconf 89' lang='lat' dir='ltr'>norum</span> <span class='ocrx_word' id='word_1_136' title='bbox 230 2088 408 2168; x_wconf 83' lang='lat' dir='ltr'>fragmenta</span> <span class='ocrx_word' id='word_1_137' title='bbox 424 2092 549 2152; x_wconf 91' lang='lat' dir='ltr'>tantum</span> <span class='ocrx_word' id='word_1_138' title='bbox 564 2089 655 2152; x_wconf 91' lang='lat' dir='ltr'>nobis</span> <span class='ocrx_word' id='word_1_139' title='bbox 670 2093 790 2164; x_wconf 77' lang='lat' dir='ltr'>extant,</span> <span class='ocrx_word' id='word_1_140' title='bbox 808 2109 1008 2171; x_wconf 85' lang='lat' dir='ltr'>quamquam</span> <span class='ocrx_word' id='word_1_141' title='bbox 1018 2093 1134 2171; x_wconf 86' lang='lat' dir='ltr'>putare</span> <span class='ocrx_word' id='word_1_142' title='bbox 1146 2107 1273 2151; x_wconf 88' lang='lat' dir='ltr'>necesse</span> 
     </span>
     <span class='ocr_line' id='line_1_19' title="bbox 103 2187 1272 2270; baseline -0.002 -18"><span class='ocrx_word' id='word_1_143' title='bbox 103 2192 159 2263; x_wconf 75' lang='lat' dir='ltr'>est</span> <span class='ocrx_word' id='word_1_144' title='bbox 183 2187 391 2251; x_wconf 86' lang='lat' dir='ltr'>threneticum</span> <span class='ocrx_word' id='word_1_145' title='bbox 407 2207 536 2270; x_wconf 85' lang='lat' dir='ltr'>quoqne</span> <span class='ocrx_word' id='word_1_146' title='bbox 552 2208 662 2268; x_wconf 80' lang='lat' dir='ltr'>genus,</span> <span class='ocrx_word' id='word_1_147' title='bbox 686 2208 761 2253; x_wconf 89' lang='lat' dir='ltr'>cum</span> <span class='ocrx_word' id='word_1_148' title='bbox 778 2189 960 2270; x_wconf 87' lang='lat' dir='ltr'>saepissime</span> <span class='ocrx_word' id='word_1_149' title='bbox 975 2192 1059 2252; x_wconf 83' lang='lat' dir='ltr'>certe</span> <span class='ocrx_word' id='word_1_150' title='bbox 1078 2187 1202 2252; x_wconf 91' lang='lat' dir='ltr'>adesset</span> <span class='ocrx_word' id='word_1_151' title='bbox 1218 2207 1272 2250; x_wconf 89' lang='lat' dir='ltr'>oe-</span> 
     </span>
     <span class='ocr_line' id='line_1_20' title="bbox 104 2287 734 2369; baseline 0 -17"><span class='ocrx_word' id='word_1_152' title='bbox 104 2289 199 2363; x_wconf 85' lang='lat' dir='ltr'>easio,</span> <span class='ocrx_word' id='word_1_153' title='bbox 223 2287 316 2352; x_wconf 87' lang='lat' dir='ltr'>luisse</span> <span class='ocrx_word' id='word_1_154' title='bbox 339 2288 637 2369; x_wconf 84' lang='lat' dir='ltr'>frequentissimum.</span> <span class='ocrx_word' id='word_1_155' title='bbox 731 2289 734 2294; x_wconf 79' lang='grc'><strong>’</strong></span> 
     </span>
    </p>
   </div>
   <div class='ocr_carea' id='block_1_7' title="bbox 105 2388 1268 2586">
    <p class='ocr_par' dir='ltr' id='par_1_7' title="bbox 105 2388 1268 2586">
     <span class='ocr_line' id='line_1_21' title="bbox 186 2388 1268 2486; baseline -0.003 -18"><span class='ocrx_word' id='word_1_156' title='bbox 186 2405 376 2486; x_wconf 87' lang='lat' dir='ltr'>Sapphus</span> <span class='ocrx_word' id='word_1_157' title='bbox 405 2409 511 2470; x_wconf 90' lang='lat' dir='ltr'>autem</span> <span class='ocrx_word' id='word_1_158' title='bbox 536 2406 692 2470; x_wconf 88' lang='lat' dir='ltr'>habemus</span> <span class='ocrx_word' id='word_1_159' title='bbox 715 2405 930 2486; x_wconf 81' lang='lat' dir='ltr'>fragmentum</span> <span class='ocrx_word' id='word_1_160' title='bbox 958 2388 1107 2468; x_wconf 82' lang='lat' dir='ltr'>carminis</span> <span class='ocrx_word' id='word_1_161' title='bbox 1132 2407 1268 2466; x_wconf 87' lang='lat' dir='ltr'>mortem</span> 
     </span>
     <span class='ocr_line' id='line_1_22' title="bbox 105 2504 1077 2586; baseline 0 -18"><span class='ocrx_word' id='word_1_162' title='bbox 105 2506 259 2569; x_wconf 90' lang='lat' dir='ltr'>Adonidis</span> <span class='ocrx_word' id='word_1_163' title='bbox 280 2504 514 2586; x_wconf 79' lang='lat' dir='ltr'>complorantis,</span> <span class='ocrx_word' id='word_1_164' title='bbox 536 2506 593 2586; x_wconf 84' lang='lat' dir='ltr'>hg.</span> <span class='ocrx_word' id='word_1_165' title='bbox 615 2506 655 2569; x_wconf 65' lang='lat'>62</span> <span class='ocrx_word' id='word_1_166' title='bbox 676 2506 726 2570; x_wconf 87' lang='lat' dir='ltr'>ed.</span> <span class='ocrx_word' id='word_1_167' title='bbox 748 2506 878 2586; x_wconf 69' lang='lat' dir='ltr'>Bergk:</span> <span class='ocrx_word' id='word_1_168' title='bbox 1073 2513 1077 2519; x_wconf 60' lang='lat'><strong>⁴</strong></span> 
     </span>
    </p>
   </div>
   <div class='ocr_carea' id='block_1_8' title="bbox 164 2617 1085 2802">
    <p class='ocr_par' dir='ltr' id='par_1_8' title="bbox 164 2617 1085 2802">
     <span class='ocr_line' id='line_1_23' title="bbox 165 2617 1085 2704; baseline -0.001 -21"><span class='ocrx_word' id='word_1_169' title='bbox 165 2620 378 2699; x_wconf 68' lang='grc' dir='ltr'><strong><em>κατθνάσκει,</em></strong></span> <span class='ocrx_word' id='word_1_170' title='bbox 401 2621 542 2704; x_wconf 63' lang='grc' dir='ltr'><strong><em>κοθέρηζ</em></strong></span> <span class='ocrx_word' id='word_1_171' title='bbox 564 2617 816 2704; x_wconf 70' lang='grc' dir='ltr'><strong><em>ἅβροςἍδωνις,</em></strong></span> <span class='ocrx_word' id='word_1_172' title='bbox 838 2626 873 2684; x_wconf 81' lang='grc' dir='ltr'>τί</span> <span class='ocrx_word' id='word_1_173' title='bbox 892 2646 927 2682; x_wconf 89' lang='grc' dir='ltr'>κε</span> <span class='ocrx_word' id='word_1_174' title='bbox 950 2625 1085 2701; x_wconf 57' lang='lat' dir='ltr'>aetiten-3</span> 
     </span>
     <span class='ocr_line' id='line_1_24' title="bbox 164 2720 1005 2802; baseline 0.001 -19"><span class='ocrx_word' id='word_1_175' title='bbox 164 2720 400 2784; x_wconf 69' lang='grc' dir='ltr'><strong><em>κατιύινιεσθε</em></strong></span> <span class='ocrx_word' id='word_1_176' title='bbox 421 2720 512 2802; x_wconf 83' lang='grc' dir='ltr'><strong><em>κόραι</em></strong></span> <span class='ocrx_word' id='word_1_177' title='bbox 530 2721 584 2783; x_wconf 84' lang='grc' dir='ltr'>καὶ</span> <span class='ocrx_word' id='word_1_178' title='bbox 606 2725 839 2802; x_wconf 69' lang='grc' dir='ltr'><strong><em>κατερείκεσθε</em></strong></span> <span class='ocrx_word' id='word_1_179' title='bbox 859 2725 1005 2800; x_wconf 82' lang='grc' dir='ltr'><strong><em>χίτιονας.</em></strong></span> 
     </span>
    </p>
   </div>
   <div class='ocr_carea' id='block_1_9' title="bbox 108 2839 1188 3021">
    <p class='ocr_par' dir='ltr' id='par_1_9' title="bbox 108 2839 1188 3021">
     <span class='ocr_line' id='line_1_25' title="bbox 108 2839 773 2904; baseline 0.002 -3"><span class='ocrx_word' id='word_1_180' title='bbox 108 2842 138 2901; x_wconf 91' lang='lat' dir='ltr'>et</span> <span class='ocrx_word' id='word_1_181' title='bbox 160 2839 404 2903; x_wconf 87' lang='lat' dir='ltr'>exlamalionem</span> <span class='ocrx_word' id='word_1_182' title='bbox 428 2839 513 2902; x_wconf 90' lang='lat' dir='ltr'>illam</span> <span class='ocrx_word' id='word_1_183' title='bbox 536 2839 773 2904; x_wconf 84' lang='lat' dir='ltr'>lamentabilem</span> 
     </span>
     <span class='ocr_line' id='line_1_26' title="bbox 165 2930 1188 3021; baseline -0.005 -18"><span class='ocrx_word' id='word_1_184' title='bbox 165 2930 200 3003; x_wconf 80' lang='grc' dir='ltr'><strong><em>Ὦ</em></strong></span> <span class='ocrx_word' id='word_1_185' title='bbox 222 2936 434 3002; x_wconf 65' lang='grc' dir='ltr'><strong><em>τὸνἍδωνιν.</em></strong></span> <span class='ocrx_word' id='word_1_186' title='bbox 458 2938 528 3020; x_wconf 83' lang='lat' dir='ltr'>(frg.</span> <span class='ocrx_word' id='word_1_187' title='bbox 550 2939 580 3016; x_wconf 87' lang='lat'>6,</span> <span class='ocrx_word' id='word_1_188' title='bbox 602 2939 690 3021; x_wconf 90' lang='lat' dir='ltr'>quod</span> <span class='ocrx_word' id='word_1_189' title='bbox 712 2940 841 3002; x_wconf 84' lang='lat' dir='ltr'>fortasse</span> <span class='ocrx_word' id='word_1_190' title='bbox 864 2937 1095 3004; x_wconf 87' lang='lat' dir='ltr'>Adonidiorum</span> <span class='ocrx_word' id='word_1_191' title='bbox 1119 2934 1188 3017; x_wconf 87' lang='lat' dir='ltr'>est).</span> 
     </span>
    </p>
   </div>
   <div class='ocr_carea' id='block_1_10' title="bbox 165 3054 1070 3355">
    <p class='ocr_par' dir='ltr' id='par_1_10' title="bbox 165 3054 1070 3355">
     <span class='ocr_line' id='line_1_27' title="bbox 188 3054 1022 3136; baseline -0.001 -19"><span class='ocrx_word' id='word_1_192' title='bbox 188 3054 334 3119; x_wconf 88' lang='lat' dir='ltr'>Erinna</span> <span class='ocrx_word' id='word_1_193' title='bbox 352 3056 465 3119; x_wconf 88' lang='lat' dir='ltr'>deinde</span> <span class='ocrx_word' id='word_1_194' title='bbox 485 3054 680 3119; x_wconf 87' lang='lat' dir='ltr'>lamentatur</span> <span class='ocrx_word' id='word_1_195' title='bbox 700 3055 756 3136; x_wconf 84' lang='lat' dir='ltr'>hg.</span> <span class='ocrx_word' id='word_1_196' title='bbox 779 3056 797 3119; x_wconf 89' lang='lat'><strong>3</strong></span> <span class='ocrx_word' id='word_1_197' title='bbox 820 3055 868 3118; x_wconf 88' lang='lat' dir='ltr'>ed.</span> <span class='ocrx_word' id='word_1_198' title='bbox 890 3054 1022 3136; x_wconf 70' lang='lat' dir='ltr'>Bergk:</span> 
     </span>
     <span class='ocr_line' id='line_1_28' title="bbox 165 3166 919 3254; baseline -0.001 -22"><span class='ocrx_word' id='word_1_199' title='bbox 165 3166 317 3233; x_wconf 75' lang='grc' dir='ltr'><strong><em>τοῦνεκεν</em></strong></span> <span class='ocrx_word' id='word_1_200' title='bbox 334 3170 378 3244; x_wconf 81' lang='grc' dir='ltr'>εἰς</span> <span class='ocrx_word' id='word_1_201' title='bbox 397 3171 504 3234; x_wconf 79' lang='grc' dir='ltr'><strong><em>Ἀΐδαν</em></strong></span> <span class='ocrx_word' id='word_1_202' title='bbox 523 3172 621 3233; x_wconf 75' lang='grc' dir='ltr'><strong><em>κενεαὶ</em></strong></span> <span class='ocrx_word' id='word_1_203' title='bbox 643 3169 830 3254; x_wconf 81' lang='grc' dir='ltr'><strong><em>διανήχεται</em></strong></span> <span class='ocrx_word' id='word_1_204' title='bbox 849 3169 919 3250; x_wconf 67' lang='lat' dir='ltr'>dxci</span> 
     </span>
     <span class='ocr_line' id='line_1_29' title="bbox 168 3265 1070 3355; baseline -0.006 -20"><span class='ocrx_word' id='word_1_205' title='bbox 168 3276 242 3355; x_wconf 83' lang='grc' dir='ltr'><strong><em>σιγᾷ</em></strong></span> <span class='ocrx_word' id='word_1_206' title='bbox 263 3271 293 3334; x_wconf 77' lang='grc' dir='ltr'>δ’</span> <span class='ocrx_word' id='word_1_207' title='bbox 315 3272 351 3333; x_wconf 81' lang='grc' dir='ltr'>ἐν</span> <span class='ocrx_word' id='word_1_208' title='bbox 371 3270 531 3334; x_wconf 84' lang='grc' dir='ltr'><strong><em>νεκύεσσι·</em></strong></span> <span class='ocrx_word' id='word_1_209' title='bbox 553 3270 592 3333; x_wconf 75' lang='grc' dir='ltr'>τὸ</span> <span class='ocrx_word' id='word_1_210' title='bbox 614 3271 652 3333; x_wconf 77' lang='grc' dir='ltr'>δὲ</span> <span class='ocrx_word' id='word_1_211' title='bbox 674 3269 788 3343; x_wconf 83' lang='grc' dir='ltr'><strong><em>σκότος</em></strong></span> <span class='ocrx_word' id='word_1_212' title='bbox 811 3265 893 3334; x_wconf 80' lang='grc' dir='ltr'><strong><em>ὄσσε</em></strong></span> <span class='ocrx_word' id='word_1_213' title='bbox 915 3268 1070 3350; x_wconf 79' lang='grc' dir='ltr'><strong><em>κατέῤῥει.</em></strong></span> 
     </span>
    </p>
   </div>
   <div class='ocr_carea' id='block_1_11' title="bbox 104 3394 1275 3966">
    <p class='ocr_par' dir='ltr' id='par_1_11' title="bbox 104 3394 1275 3966">
     <span class='ocr_line' id='line_1_30' title="bbox 104 3394 1272 3485; baseline -0.01 -16"><span class='ocrx_word' id='word_1_214' title='bbox 104 3405 277 3469; x_wconf 87' lang='lat' dir='ltr'>Praetarea</span> <span class='ocrx_word' id='word_1_215' title='bbox 299 3404 363 3468; x_wconf 91' lang='lat' dir='ltr'>dno</span> <span class='ocrx_word' id='word_1_216' title='bbox 382 3405 613 3485; x_wconf 85' lang='lat' dir='ltr'>epigrammata</span> <span class='ocrx_word' id='word_1_217' title='bbox 635 3404 775 3469; x_wconf 88' lang='lat' dir='ltr'>eiusdem</span> <span class='ocrx_word' id='word_1_218' title='bbox 796 3404 954 3468; x_wconf 91' lang='lat' dir='ltr'>habemus</span> <span class='ocrx_word' id='word_1_219' title='bbox 977 3400 1068 3482; x_wconf 79' lang='lat' dir='ltr'>(hgg.</span> <span class='ocrx_word' id='word_1_220' title='bbox 1092 3401 1111 3463; x_wconf 90' lang='lat'>5</span> <span class='ocrx_word' id='word_1_221' title='bbox 1133 3403 1164 3463; x_wconf 91' lang='lat' dir='ltr'>et</span> <span class='ocrx_word' id='word_1_222' title='bbox 1185 3394 1217 3476; x_wconf 85' lang='grc'>6)</span> <span class='ocrx_word' id='word_1_223' title='bbox 1241 3396 1272 3457; x_wconf 89' lang='lat' dir='ltr'>in</span> 
     </span>
     <span class='ocr_line' id='line_1_31' title="bbox 106 3498 1272 3584; baseline -0.007 -17"><span class='ocrx_word' id='word_1_224' title='bbox 106 3503 278 3567; x_wconf 89' lang='lat' dir='ltr'>Baucidem</span> <span class='ocrx_word' id='word_1_225' title='bbox 300 3505 435 3568; x_wconf 90' lang='lat' dir='ltr'>amicam</span> <span class='ocrx_word' id='word_1_226' title='bbox 461 3505 542 3566; x_wconf 87' lang='lat' dir='ltr'>inter</span> <span class='ocrx_word' id='word_1_227' title='bbox 561 3505 689 3584; x_wconf 89' lang='lat' dir='ltr'>nuptias</span> <span class='ocrx_word' id='word_1_228' title='bbox 711 3507 870 3568; x_wconf 88' lang='lat' dir='ltr'>mortuam</span> <span class='ocrx_word' id='word_1_229' title='bbox 896 3502 1023 3584; x_wconf 89' lang='lat' dir='ltr'>scripta.</span> <span class='ocrx_word' id='word_1_230' title='bbox 1067 3499 1157 3577; x_wconf 84' lang='lat' dir='ltr'>Quae</span> <span class='ocrx_word' id='word_1_231' title='bbox 1190 3498 1272 3575; x_wconf 77' lang='lat' dir='ltr'>trag-</span> 
     </span>
     <span class='ocr_line' id='line_1_32' title="bbox 107 3597 1271 3685; baseline -0.008 -19"><span class='ocrx_word' id='word_1_232' title='bbox 107 3607 214 3667; x_wconf 84' lang='lat' dir='ltr'>menta</span> <span class='ocrx_word' id='word_1_233' title='bbox 235 3604 312 3667; x_wconf 89' lang='lat' dir='ltr'>nihil</span> <span class='ocrx_word' id='word_1_234' title='bbox 333 3603 459 3685; x_wconf 87' lang='lat' dir='ltr'>quidem</span> <span class='ocrx_word' id='word_1_235' title='bbox 473 3604 628 3684; x_wconf 88' lang='lat' dir='ltr'>praebent</span> <span class='ocrx_word' id='word_1_236' title='bbox 650 3604 865 3679; x_wconf 81' lang='lat' dir='ltr'>consolatorii3</span> <span class='ocrx_word' id='word_1_237' title='bbox 888 3603 943 3666; x_wconf 90' lang='lat' dir='ltr'>sed</span> <span class='ocrx_word' id='word_1_238' title='bbox 964 3623 981 3666; x_wconf 92' lang='lat' dir='ltr'>e</span> <span class='ocrx_word' id='word_1_239' title='bbox 1003 3601 1113 3666; x_wconf 86' lang='lat' dir='ltr'>ceteris</span> <span class='ocrx_word' id='word_1_240' title='bbox 1131 3597 1271 3662; x_wconf 91' lang='lat' dir='ltr'>eiusdem</span> 
     </span>
     <span class='ocr_line' id='line_1_33' title="bbox 107 3701 1274 3783; baseline -0.003 -19"><span class='ocrx_word' id='word_1_241' title='bbox 107 3703 229 3782; x_wconf 82' lang='lat' dir='ltr'>generis</span> <span class='ocrx_word' id='word_1_242' title='bbox 248 3701 440 3765; x_wconf 88' lang='lat' dir='ltr'>Graecorum</span> <span class='ocrx_word' id='word_1_243' title='bbox 465 3702 658 3765; x_wconf 88' lang='lat' dir='ltr'>carminibus</span> <span class='ocrx_word' id='word_1_244' title='bbox 680 3703 824 3766; x_wconf 88' lang='lat' dir='ltr'>concludi</span> <span class='ocrx_word' id='word_1_245' title='bbox 846 3705 950 3783; x_wconf 89' lang='lat' dir='ltr'>potest</span> <span class='ocrx_word' id='word_1_246' title='bbox 971 3721 1025 3765; x_wconf 89' lang='lat' dir='ltr'>eas</span> <span class='ocrx_word' id='word_1_247' title='bbox 1046 3704 1164 3782; x_wconf 75' lang='lat' dir='ltr'>partes</span> <span class='ocrx_word' id='word_1_248' title='bbox 1191 3717 1274 3781; x_wconf 83' lang='lat' dir='ltr'>quae</span> 
     </span>
     <span class='ocr_line' id='line_1_34' title="bbox 109 3799 1275 3884; baseline -0.005 -19"><span class='ocrx_word' id='word_1_249' title='bbox 109 3803 249 3884; x_wconf 87' lang='lat' dir='ltr'>perditae</span> <span class='ocrx_word' id='word_1_250' title='bbox 276 3804 367 3877; x_wconf 83' lang='lat' dir='ltr'>sunt,</span> <span class='ocrx_word' id='word_1_251' title='bbox 402 3806 457 3864; x_wconf 91' lang='lat' dir='ltr'>aut</span> <span class='ocrx_word' id='word_1_252' title='bbox 487 3801 558 3864; x_wconf 87' lang='lat' dir='ltr'>latis</span> <span class='ocrx_word' id='word_1_253' title='bbox 586 3800 672 3865; x_wconf 87' lang='lat' dir='ltr'>mala</span> <span class='ocrx_word' id='word_1_254' title='bbox 701 3801 847 3865; x_wconf 88' lang='lat' dir='ltr'>tribuisse</span> <span class='ocrx_word' id='word_1_255' title='bbox 884 3807 941 3867; x_wconf 88' lang='lat' dir='ltr'>aut</span> <span class='ocrx_word' id='word_1_256' title='bbox 969 3801 1141 3864; x_wconf 89' lang='lat' dir='ltr'>memoriae</span> <span class='ocrx_word' id='word_1_257' title='bbox 1180 3799 1275 3862; x_wconf 91' lang='lat' dir='ltr'>decus</span> 
     </span>
     <span class='ocr_line' id='line_1_35' title="bbox 110 3901 293 3966; baseline -0.005 -1"><span class='ocrx_word' id='word_1_258' title='bbox 110 3901 293 3966; x_wconf 86' lang='lat' dir='ltr'>ostendisse.</span> 
     </span>
    </p>
   </div>
   <div class='ocr_carea' id='block_1_12' title="bbox 181 4067 510 4138">
    <p class='ocr_par' dir='ltr' id='par_1_12' title="bbox 181 4067 510 4138">
     <span class='ocr_line' id='line_1_36' title="bbox 181 4067 510 4138; baseline -0.003 -17"><span class='ocrx_word' id='word_1_259' title='bbox 181 4071 204 4138; x_wconf 93' lang='lat' dir='ltr'>l)</span> <span class='ocrx_word' id='word_1_260' title='bbox 225 4069 299 4123; x_wconf 80' lang='lat' dir='ltr'>Plut.</span> <span class='ocrx_word' id='word_1_261' title='bbox 319 4068 368 4122; x_wconf 86' lang='lat' dir='ltr'>vil.</span> <span class='ocrx_word' id='word_1_262' title='bbox 388 4068 448 4121; x_wconf 84' lang='lat' dir='ltr'>Nic.</span> <span class='ocrx_word' id='word_1_263' title='bbox 472 4067 510 4120; x_wconf 81' lang='grc' dir='ltr'>Π.</span> 
     </span>
    </p>
   </div>
   <div class='ocr_carea' id='block_1_13' title="bbox 0 0 1486 4734">
    <p class='ocr_par' dir='ltr' id='par_1_13' title="bbox 0 0 1486 4734">
     <span class='ocr_line' id='line_1_37' title="bbox 0 0 1486 4734; baseline 0 0"><span class='ocrx_word' id='word_1_264' title='bbox 0 0 1486 4734; x_wconf 95' lang='lat' dir='ltr'> </span> 
     </span>
    </p>
   </div>
  </div>
 </body>
</html>
