2946 4734
710 256 753 323 28

245 431 299 498 De
328 429 555 499 Canthara
583 432 716 499 nutrice
738 430 864 499 rectius
897 429 1078 497 annotavit
1112 428 1305 512 scholiasta,

159 535 249 623 quod
271 536 380 623 praef.
398 536 454 601 III
470 538 490 602 6
505 540 629 604 exstat.
652 536 838 603 Praeterea
861 535 1102 616 eonferendum
1125 538 1181 603 est
1203 534 1305 603 schol.

159 642 262 707 336.1
289 639 573 723 ,dissimulandam
595 663 667 707 rem
688 644 811 728 putat‘.

243 764 297 830 De
320 762 433 831 Geta
464 767 580 831 exstat
612 764 712 831 schol.
737 763 844 830 3011
880 763 976 846 ,mira
1004 764 1041 829 in
1072 785 1169 831 servo
1200 762 1304 846 fides‘,

158 867 200 934 cf.
223 868 336 934 2882.

244 991 297 1058 De
321 990 536 1059 Sannione
567 991 668 1080 plura
690 992 931 1058 inveniuntur:
970 995 1024 1059 est
1053 991 1195 1059 callidus
1224 991 1302 1059 leno

157 1099 260 1183 atque
283 1119 416 1178 avarus,
441 1097 499 1184 qui
524 1097 687 1184 quidquid
710 1097 784 1182 agit
807 1097 849 1163 ad
872 1097 1005 1163 lucrum
1028 1096 1137 1163 refert
1159 1100 1196 1163 et
1217 1118 1303 1184 prae

155 1200 251 1268 lucro
274 1201 372 1268 nihili
395 1203 479 1269 facit
510 1202 668 1269 iniuriam
704 1201 769 1268 sibi
787 1202 937 1268 oblatam
951 1225 991 1269 ac
1005 1202 1107 1269 facile
1121 1201 1303 1288 mitigatur

156 1307 298 1392 pecnnia
321 1308 402 1374 data
428 1311 465 1374 et
487 1307 601 1394 potius
626 1312 766 1394 propter
790 1308 946 1374 damnum
968 1307 1180 1376 vociferatur
1202 1328 1303 1394 quam

155 1416 297 1499 propter
327 1412 486 1479 iniuriam
523 1413 611 1497 (221,
635 1413 752 1495 2091,
776 1412 851 1478 220.
864 1413 893 1494 1,
917 1414 990 1479 265.
1005 1415 1035 1495 3,
1053 1412 1126 1480 196.
1139 1412 1167 1494 1,
1184 1411 1258 1477 242.
1271 1412 1302 1493 5,

155 1518 287 1602 2441),
309 1528 426 1604 'porro
458 1523 512 1584 est
543 1518 668 1604 loquax
698 1521 803 1604 atque
833 1523 1032 1600 contumax,
1062 1521 1102 1584 nt
1125 1517 1222 1583 homo
1244 1537 1302 1583 ne-

155 1644 254 1709 quam
286 1626 389 1709 atque
423 1623 637 1704 inhonestus,
661 1622 834 1689 interdum
857 1623 960 1689 etiam
983 1623 1109 1689 maiore
1131 1620 1303 1690 stomacho

155 1732 337 1793 commotus
353 1726 493 1793 stultius
509 1727 584 1813 agit
608 1729 736 1809 (172,1,
754 1728 867 1810 1552,
891 1728 1008 1810 2461,
1035 1728 1107 1794 193.
1120 1729 1150 1809 2,
1176 1726 1248 1792 192.
1259 1726 1302 1804 l).

243 1849 377 1936 Syrus
408 1850 549 1917 callidus
586 1855 639 1917 est
675 1851 796 1938 (praef.
819 1851 876 1916 ΙΙΙ
899 1852 936 1933 6,
968 1852 1089 1933 5791,
1114 1851 1188 1934 768,
1212 1850 1301 1932 565),

154 1958 332 2022 veterator
363 1958 510 2041 (7861),
545 1954 654 2023 fallax
683 1959 770 2038 (763.
780 1956 815 2039 2)
846 1978 908 2023 nec
939 1958 1072 2023 omnino
1104 1978 1208 2042 purus
1241 1967 1302 2022 aut

155 2059 296 2147 simplex
326 2061 418 2144 (772,
442 2061 516 2126 220.
526 2061 570 2146 3),
601 2064 642 2127 ut
664 2061 875 2128 luxuriosum
910 2066 946 2127 et
977 2061 1136 2128 licentem
1167 2082 1302 2128 servum

90 2173 93 2181 '
154 2165 329 2250 magnifice
353 2167 520 2232 sensere
546 2167 687 2248 (3863),
713 2169 866 2252 superbe,
891 2190 966 2233 cum
980 2165 1141 2248 laetetur,
1166 2168 1202 2233 et
1225 2187 1302 2232 con-

152 2269 298 2337 fidenter
329 2274 364 2336 et
394 2274 600 2356 arroganter
632 2294 667 2337 se
690 2272 783 2356 gerit
811 2273 852 2338 ob
874 2272 1086 2338 dominorum
1108 2270 1300 2352 amicitiam,

151 2378 273 2462 utpote
296 2377 355 2462 qui
377 2376 474 2441 nimis
498 2376 584 2441 levis
609 2376 654 2442 sit
676 2376 762 2460 (379.
773 2378 803 2458 3,
827 2377 940 2458 2841,
957 2377 1031 2457 286,
1056 2377 1129 2442 763.
1140 2376 1169 2459 1,
1186 2374 1260 2442 380.
1270 2375 1300 2458 3,

152 2481 279 2563 5672).
340 2480 504 2547 Libenter
553 2480 701 2547 homines
740 2481 851 2564 fallit,
890 2481 1041 2563 deludit,
1075 2480 1230 2548 ludificat
1265 2482 1300 2547 et

152 2584 228 2651 aliis
264 2585 425 2670 magister
460 2589 513 2652 est
543 2585 587 2652 ad
619 2586 804 2672 nequitiam
839 2585 959 2672 (praef.
983 2585 1031 2668 ΙΙ,
1061 2584 1169 2673 praef.
1194 2584 1298 2666 1113,
1391 2640 1395 2646 .

152 2688 266 2772 eron,
291 2690 405 2773 mar,
430 2690 503 2756 aas,
515 2692 558 2776 1).

238 2815 289 2880 De
326 2814 683 2880 Heautontimorumeni
724 2815 878 2901 personis
915 2837 932 2880 e
966 2812 1121 2880 Bembini
1164 2812 1297 2880 scholiis

150 2917 236 2983 nihil
259 2921 488 3007 comperimus.

237 3040 465 3109 Personarum
493 3042 725 3109 notationibus
761 3042 919 3109 exhibitis
955 3045 990 3107 et
1020 3041 1134 3130 aliquo
1165 3042 1298 3129 quidem

150 3144 246 3211 modo
271 3145 390 3232 quibus
413 3147 466 3212 uti
488 3146 596 3233 possis
620 3147 837 3233 praeparatis
860 3150 995 3233 partem
1017 3147 1161 3214 alteram
1183 3146 1297 3234 gravi-

151 3271 243 3313 orem
266 3248 433 3315 adeamus.

616 3502 824 3511 ὴ..-

609 3865 764 3934 OAPVT
788 3869 827 3933 ΙΙ

461 4054 506 4119 De
530 4053 768 4141 ethographiae
791 4056 975 4144 disciplina.

234 4213 300 4294 Qui
335 4213 375 4279 de
412 4221 534 4301 poetae
566 4216 746 4303 ethopoeia
776 4220 929 4305 quaerit,
961 4221 1105 4308 primum
1128 4243 1295 4309 quaerere

147 4317 248 4383 debet
279 4317 381 4405 (quod
404 4320 523 4405 quavis
546 4320 582 4384 in
604 4320 782 4408 disciplina
804 4323 878 4408 fit),
913 4347 1056 4411 quanam
1079 4325 1136 4392 via
1158 4348 1292 4416 quaque
