2946 4734
745 188 784 252 21

156 370 313 430 aratorem
344 368 377 430 in
407 371 492 431 terra
520 387 588 430 esse
617 366 711 430 malle
733 386 830 449 quam
857 367 1000 430 omnium
1020 369 1210 432 umbrarum
1234 370 1321 451 apud

155 469 272 532 inferos
293 486 411 548 regem.

236 566 574 630 Lamentationes
594 566 705 627 autem
724 569 755 628 et
777 565 1044 646 complorationes
1071 565 1251 647 permultae
1272 566 1321 629 in·

156 669 327 731 veniuntur
356 668 387 728 in
408 664 602 729 carminibus
623 663 807 727 Homericis.
851 665 897 728 lta
918 665 1057 728 Achilles
1080 665 1122 728 ab
1145 665 1318 729 Antilocho
1406 673 1415 690 ⁹

155 768 194 830 de
216 769 319 829 morte
334 763 470 828 Patrocli
493 764 607 826 certior
629 764 731 827 factus
751 765 948 827 atrocissimo
969 764 1078 828 dolore
1096 764 1244 846 impletur
1267 785 1320 828 ve·

155 865 471 946 hementissimasque
500 864 619 945 profert
647 863 793 945 querelas
824 883 987 927 unacum
1010 863 1181 927 Antilocho
1209 868 1242 927 et
1263 884 1320 928 an-

153 967 228 1030 cillis
251 964 295 1046 (ll.
311 964 417 1028 XVIll.
442 963 586 1040 aar-35),
609 982 713 1045 neque
735 962 827 1026 aliter
849 968 932 1027 totus
953 963 1145 1028 Graecorum
1161 967 1320 1028 exercitus

151 1064 275 1129 Achille
310 1065 391 1127 duce
422 1063 600 1144 complorat
635 1062 772 1126 Patrocli
807 1067 941 1126 mortem
984 1062 1104 1144 (XVlll.
1132 1062 1317 1144 315—355).

152 1165 258 1234 Etiam
274 1165 385 1227 Briseis
402 1163 496 1242 (XIX.
507 1163 684 1241 asa-301)
706 1182 909 1245 summopere
926 1163 1043 1226 afflicta
1063 1163 1158 1226 deflet
1171 1162 1318 1226 Menoetii

152 1266 262 1342 tilium,
285 1264 454 1327 Hectorem
481 1262 595 1326 deinde
623 1262 665 1325 ab
687 1262 809 1326 Achille
831 1263 1031 1328 interfectum
1053 1267 1084 1326 et
1111 1282 1225 1345 corpas
1252 1264 1318 1326 eius

152 1370 192 1433 ab
214 1367 327 1431 eodem
348 1383 442 1428 saeve
464 1363 692 1426 dedecoratum
714 1362 883 1444 deplorant
907 1368 939 1427 et
959 1364 1106 1427 Priamus
1127 1383 1224 1426 senex
1245 1382 1317 1425 cum

151 1469 271 1532 civibus
293 1464 338 1546 (ll.
360 1464 455 1527 XXll.
479 1462 672 1542 roa—429),
699 1466 731 1526 et
752 1463 886 1526 Hecuba
912 1468 1015 1527 mater
1038 1484 1112 1528 cum
1134 1464 1318 1527 mutieribus

151 1564 352 1646 (rao-436),
383 1567 414 1626 et
432 1561 659 1626 Andromache
684 1581 762 1626 uxor
785 1582 858 1626 curn
881 1564 1000 1628 ancillis
1023 1562 1230 1646 (475-515);
1263 1564 1317 1626 de-

151 1688 215 1732 nuo
237 1670 359 1748 postea,
381 1683 455 1726 cum
482 1661 535 1725 filii
564 1682 680 1744 corpus
712 1663 754 1726 ab
776 1663 899 1726 Achille
926 1664 1083 1729 redditum
1107 1664 1254 1728 Priamus
1285 1665 1316 1727 in

152 1768 264 1832 urbem
285 1764 464 1839 reveheret,
486 1781 597 1825 omues
620 1762 788 1825 Hectorem
810 1763 1011 1843 complorant
1030 1770 1061 1827 et
1082 1772 1261 1846 sequuntur
1275 1764 1316 1827 ibi

152 1869 182 1931 hi
206 1886 317 1930 versus
340 1863 462 1944 (XXIV.
487 1863 548 1925 720
565 1859 667 1943 sqq.):

434 1997 472 2007 —
496 1961 588 2042 nopai
609 1952 735 2024 δἐἷσαν
756 1959 887 2034 doctioris

211 2064 345 2148 θρήνων
367 2060 534 2144 ἐξάρχους,
556 2059 624 2124 οῖ’τε
647 2061 849 2125 στονόεσσαν
870 2061 988 2147 αόιδήν

208 2163 239 2227 οἱ
259 2168 321 2245 μὲν
343 2160 393 2244 ἄρ’
415 2161 585 2246 ἐθρήνεον,
608 2162 664 2224 ἐπὶ
687 2161 724 2224 δὲ
746 2161 944 2241 στενοέχονπο
967 2167 1121 2242 γυναῖκες.

151 2267 272 2344 Quibus
293 2284 332 2327 ex
358 2263 499 2326 versibus
520 2262 665 2326 concludi
686 2266 790 2344 potest
813 2264 960 2327 threnum
993 2263 1078 2327 illum
1104 2264 1226 2326 chorice
1249 2284 1315 2326 esse

152 2370 327 2440 cantatum,
350 2363 437 2444 quod
458 2363 687 2443 comprobatur
708 2366 740 2426 et
760 2362 836 2426 locis
864 2363 927 2426 iam
951 2384 1047 2444 supra
1071 2365 1173 2427 citatis
1197 2363 1315 2445 (XVlll.

151 2467 198 2542 30,
221 2467 279 2540 553
309 2463 390 2527 XlX.
416 2464 492 2537 3013
524 2462 617 2526 XXll.
643 2463 713 2538 429,
739 2462 810 2540 430,
834 2461 907 2544 515)
937 2468 967 2526 et
997 2465 1140 2545 exemplo
1162 2464 1315 2545 Thetidis,

151 2569 198 2632 cui
221 2566 275 2630 filii
297 2569 412 2627 sortem
432 2563 640 2644 comploranti
656 2565 829 2627 concinunt
842 2564 990 2627 Nereides
1005 2563 1049 2646 (ll.
1061 2565 1166 2628 XVlll.
1178 2565 1314 2648 250-ssss)

150 2667 263 2732 etalio
284 2666 353 2729 loco
376 2662 447 2744 (Od.
462 2663 571 2727 XXIV.
595 2662 739 2745 58-69),
760 2665 815 2728 ubi
838 2664 988 2728 Nereides
1013 2668 1043 2728 et
1060 2665 1170 2729 Musae
1192 2668 1315 2748 praeci-

149 2773 243 2835 nente
263 2763 399 2828 Thetide
422 2763 539 2826 deflent
561 2763 727 2827 Achillem.

231 2887 320 2952 Haec
342 2909 427 2970 quae
448 2891 538 2953 attuli
569 2891 715 2971 lugubria
742 2894 866 2955 tantum
889 2897 979 2967 sunt3
1006 2893 1061 2954 sed
1092 2891 1187 2954 etiam
1216 2909 1316 2953 con·

149 2986 354 3052 solatoria
381 2989 539 3053 Homerus
565 2992 706 3071 praebet,
739 3011 877 3073 quorum
905 2991 1060 3055 nonnulla
1082 2991 1224 3055 aiteram.
1269 2990 1314 3052 Ac

148 3088 288 3167 primum
300 3088 429 3170 quidem
452 3109 493 3152 ne
515 3090 608 3152 nimis
629 3090 794 3170 lugeamus
811 3111 987 3171 monemur,
1010 3094 1162 3173 quoniam
1181 3089 1315 3154 lacrimis

149 3189 225 3252 nihil
250 3189 418 3252 efficiatur.
460 3190 508 3253 lla
529 3189 559 3252 ll.
581 3189 689 3253 XXIV.
717 3191 879 3254 1928-130
901 3198 932 3254 et
952 3193 1023 3254 ibid.
1046 3194 1228 3256 ala—551:

210 3303 332 3384 ἄνσχεο
353 3305 429 3389 μηδ’
451 3305 609 3370 α’λιάστον
632 3306 748 3389 ὀδύρεο
771 3309 831 3371 σὸν
853 3309 937 3370 κατα
959 3307 1080 3389 θυμόν.

209 3403 247 3468 οὐ
268 3405 328 3487 γάρ
349 3429 380 3468 τι
400 3404 532 3490 πρήξεις
553 3406 755 3490 ἀκαχήμενος
777 3399 844 3481 οἷος
864 3407 945 3493 ἑῆος,

210 3506 289 3568 οὐδὲ
307 3529 362 3586 μιν
383 3505 566 3592 ἀνστήσεις,
588 3508 667 3588 πρὶν
688 3508 741 3569 καὶ
762 3509 862 3570 κακὸν
882 3504 962 3571 ἄλλο
985 3509 1165 3591 πάθῃσθα,

148 3611 180 3671 et
201 3607 260 3671 Od.
284 3607 333 3670 IV.
361 3608 467 3680 loeis:
501 3627 564 3670 non
586 3628 710 3689 semper
733 3629 798 3672 esse
822 3609 1011 3674 dolendum:

209 3704 351 3794 αἰψηρὸς
373 3706 410 3768 δὲ
431 3706 523 3788 κόρος
543 3712 688 3789 κρυεροῖο
709 3706 805 3788 γόοιο.

150 3806 271 3870 Deinde
300 3807 366 3871 deis
386 3808 521 3890 fatisque
543 3809 665 3872 invictis
693 3813 725 3871 et
758 3813 933 3872 ceterorum
961 3810 1118 3872 malorum
1150 3813 1181 3872 et
1205 3809 1314 3872 mortis

151 3906 245 3987 culpa
267 3907 452 3970 attribuitur
471 3907 502 3969 ll.
522 3906 571 3969 Vl.
593 3908 654 3971 488
675 3929 761 3990 sqq:

210 4009 328 4085 μοῖραν
351 4007 379 4068 δ’
401 4003 514 4069 οἶῖτινοὶ
538 4029 620 4087 ςιημι
642 4017 849 4088 πεφυγμένον
870 4009 1007 4087 ἔμμεναι
1028 4006 1167 4087 α’νδροῖν,
