2946 4734
721 236 758 308 18

156 425 226 491 sent
249 444 411 509 opponere
434 425 628 508 aequitatem
652 424 735 487 illam
754 424 852 488 animi
873 428 970 506 atque
984 427 1195 492 constantiam
1215 427 1322 512 populi

155 529 303 593 Romani.
352 526 459 604 Quam
479 527 521 590 ob
543 544 610 589 rem
633 527 722 587 initio
744 544 846 604 paene
869 524 948 588 nihil
969 525 1028 590 nisi
1050 528 1191 593 dolorem
1215 534 1323 594 osten·

156 629 275 693 debant
298 627 437 691 carmina
465 625 626 701 funebria,
659 628 690 687 et
719 629 831 706 poetae
853 624 991 706 lugendo
1023 629 1197 692 studebant
1227 630 1323 693 lenire

155 747 342 791 maerorem.

235 827 349 890 Postea
369 829 476 890 autem
500 825 710 889 consolatoria
726 844 853 905 quoque
877 829 1068 904 argumenta
1086 824 1188 887 afferri
1210 831 1324 907 coepta

155 933 237 1003 sunt,
261 946 363 1008 eaque
390 927 477 989 initio
507 925 635 1007 quidem
667 924 828 1004 simplicia.
871 923 1026 986 Nimirum
1059 927 1180 987 veteres
1211 931 1324 1006 poetae

155 1028 184 1090 id
207 1027 345 1108 primum
370 1024 577 1107 proferebant
599 1029 842 1102 argumentum,
874 1024 962 1105 quod
988 1025 1017 1086 in
1051 1025 1216 1088 manifesto
1246 1031 1324 1105 erat,

155 1132 190 1190 ut
212 1128 416 1190 ostenderent
438 1125 501 1187 vim
523 1124 664 1187 fatorum
688 1123 879 1186 immobilem
903 1126 952 1187 cui
976 1125 1073 1187 nihilo
1085 1130 1190 1206 posset
1214 1127 1323 1204 resisti,

156 1228 352 1307 deorumque
388 1224 553 1288 consilium
591 1223 771 1287 inevitabile
803 1223 888 1304 quod
923 1223 1018 1286 nullis
1047 1225 1182 1287 lacrimis
1216 1230 1323 1306 posset

154 1327 282 1389 mutari.
311 1325 416 1388 Unum
441 1325 535 1405 igitur
551 1324 693 1387 tristitiae
714 1325 889 1386 remedium
913 1324 1036 1387 afflictis
1052 1326 1322 1388 commendabant

155 1425 407 1506 patientiam
429 1429 464 1487 et
487 1424 791 1500 constantiam,
822 1442 925 1505 neque
953 1423 1208 1504 comprobabant
1232 1424 1323 1488 tristi·

156 1527 230 1589 liam
254 1524 398 1588 effusam.
430 1522 575 1586 Alterum
599 1523 713 1586 deiude
736 1527 960 1604 argumentum
985 1523 1073 1586 facile
1091 1524 1321 1600 inveniebatur,

156 1627 241 1708 quod
266 1626 413 1689 omnibus
434 1624 616 1687 hominibus
638 1623 815 1686 immineret
844 1642 938 1702 mors,
971 1624 1055 1686 unde
1078 1627 1187 1702 postea
1207 1625 1323 1704 poetae

155 1725 281 1787 adducti
313 1728 387 1788 sunt
418 1723 459 1786 ad
490 1743 563 1785 eam
594 1723 845 1785 consolationem
876 1743 973 1804 quam
996 1724 1100 1787 dicam
1125 1725 1323 1788 consola·

155 1826 306 1888 tionem
335 1844 408 1906 per
431 1823 630 1903 exempla.
674 1823 758 1885 Nam
786 1824 967 1905 posterioris
993 1824 1144 1904 temporis
1175 1825 1322 1886 auctores

153 1926 305 2006 imprimis
328 1927 443 2005 poetae
466 1922 575 2002 tragici
597 1926 627 1987 et
650 1923 763 1986 deinde
786 1924 927 1987 rhetores
951 1925 1086 1987 heroum
1103 1928 1204 1987 sortes
1226 1924 1324 1985 inter-

154 2024 230 2087 dum
253 2024 390 2086 infelices
412 2023 534 2086 afflictis
556 2022 768 2096 ostendebant
787 2025 879 2105 quasi
901 2025 1039 2105 ipsorum
1063 2024 1215 2086 maeroris
1236 2022 1322 2086 leva·

154 2130 263 2188 menta
287 2143 325 2187 ac
356 2123 584 2186 moderamina.
636 2122 879 2188 considerantes
901 2143 977 2188 vero
1004 2128 1082 2206 quot
1112 2123 1322 2186 incommodis

153 2229 183 2287 et
218 2223 308 2286 malis
337 2223 400 2286 vita
429 2222 573 2286 humana
601 2223 641 2285 sit
671 2241 836 2303 oppressa,
869 2224 946 2304 quid
973 2224 1124 2286 miremur
1151 2223 1322 2285 nonnullos

154 2327 262 2405 poetas
282 2343 320 2386 eo
342 2323 529 2404 pervenisse,
561 2327 594 2385 ut
624 2341 786 2385 summum
815 2323 935 2386 bonum
966 2322 1121 2386 baberent
1147 2326 1320 2386 mortem

153 2422 258 2486 mala
280 2422 523 2492 solventem,
546 2422 644 2484 imaro
666 2440 742 2485 vero
764 2423 987 2503 praedicarent
1008 2423 1181 2499 defunctos,
1203 2424 1322 2504 quippe

151 2523 204 2604 qui
226 2522 309 2585 vitae
330 2523 493 2585 humanae
514 2521 673 2584 molestias
692 2521 873 2602 effugissent
887 2520 918 2603 ¹).
951 2522 1043 2600 Quod
1073 2522 1200 2585 tertium
1226 2541 1321 2602 argu·

152 2626 295 2685 mentum
326 2640 400 2685 raro
425 2621 512 2702 apud
534 2620 672 2684 Graecos
705 2624 792 2684 extat
821 2626 852 2684 ct
881 2622 974 2701 longe
995 2623 1122 2703 plurimi
1154 2624 1321 2702 poetarum

152 2740 337 2799 graecorum
356 2722 386 2783 in
407 2721 600 2784 contrarium
625 2721 860 2784 concludebant
877 2722 960 2784 vitae
986 2722 1197 2785 iucunditates
1219 2724 1249 2782 et
1266 2740 1321 2783 vo

151 2821 288 2901 luptates
310 2841 376 2884 esse
401 2821 617 2901 percipiendas
645 2821 800 2900 quamdiu
832 2821 946 2897 liceret,
976 2822 1147 2885 fruendum
1176 2840 1244 2883 esse
1275 2820 1322 2882 iu·

151 2925 281 2983 ventute
311 2921 498 3002 priusquam
526 2921 630 3001 gravis
657 2920 778 2984 veniret
814 2927 976 2996 senectus,
1017 2921 1222 3001 gaudendum
1254 2939 1321 2983 esse

151 3021 256 3103 quoad
281 3039 366 3083 nrors
387 3040 446 3083 nos
460 3023 581 3084 vetaret
598 3020 746 3100 gaudere.
779 3019 939 3097 Quartum
957 3021 1072 3084 deinde
1084 3022 1320 3101 argumentum,

151 3121 373 3182 memoriae
395 3120 523 3183 decus
546 3123 577 3182 et
598 3120 718 3200 gloriae
736 3140 836 3202 spem,
860 3122 1033 3202 praecipue
1047 3120 1203 3200 Tyrtacus
1218 3120 1322 3183 intulit

151 3221 191 3284 ad
208 3219 418 3283 consolandos
433 3219 627 3298 superstites.
660 3218 753 3296 Quod
775 3225 998 3300 argumentum
1020 3224 1131 3302 postea
1151 3219 1321 3283 Simonidis

151 3324 219 3383 arte
246 3323 276 3381 ct
298 3319 425 3400 ingenio
453 3319 612 3382 excultum
640 3320 727 3401 apud
748 3320 914 3384 Romanos
935 3321 1053 3400 gloriae
1075 3320 1168 3384 valde
1191 3320 1322 3400 cupidos

150 3419 279 3482 maximi
303 3423 370 3482 erat
392 3419 554 3482 momenti.
598 3418 700 3483 Etiam
723 3418 910 3483 funerum
934 3419 1243 3500 magnificentia
1266 3418 1323 3481 ad-

150 3518 321 3597 hibebatur
342 3519 385 3582 ad
405 3517 640 3581 moderandum
664 3519 795 3583 luctum.
827 3518 917 3596 Quae
939 3539 989 3582 res
1011 3520 1073 3582 iam
1098 3519 1184 3601 apud
1207 3517 1321 3583 Archi·

149 3618 276 3681 lochum
301 3618 430 3681 Parium
460 3617 552 3681 nobis
579 3618 723 3696 occurrit,
754 3619 914 3682 contrario
945 3619 1073 3701 quidem
1103 3638 1214 3695 sensu,
1247 3636 1320 3682 cum

148 3716 312 3780 funeribus
341 3717 521 3798 propinquo
549 3736 614 3780 non
639 3717 801 3780 instructis
824 3717 914 3781 dolor
937 3723 1101 3799 augeatur.
1145 3717 1267 3780 Deinde
1288 3716 1319 3779 in

147 3816 368 3879 Romanorum
396 3817 551 3898 epicediis,
584 3817 737 3898 imprimis
765 3817 797 3879 in
829 3817 1045 3881 consolatione
1074 3817 1114 3880 ad
1136 3815 1257 3880 Liviam
1286 3819 1317 3878 et

147 3916 233 3996 apud
255 3916 403 3992 Statium,
427 3917 540 3980 funera
553 3935 679 3997 semper
693 3916 878 3980 consolandi
894 3937 992 3981 causa
1007 3917 1229 3981 describuntur
1244 3934 1317 3980 cum

188 4088 241 4226 3l)
272 4089 328 4143 Hoc
353 4089 408 4142 iam
443 4091 520 4142 extat
546 4088 621 4157 apud
644 4089 813 4143 Herodotum
845 4090 872 4142 in
905 4089 1002 4144 fabula
1025 4091 1134 4145 Cleobis
1159 4091 1189 4144 et
1213 4089 1319 4144 Bitonis

148 4172 168 4226 1.
209 4175 232 4227 f.
