2946 4734
704 172 747 237 59

150 371 187 414 se
209 352 341 433 gerant,
378 345 436 413 sed
460 349 589 413 certam
611 349 747 413 tantum
769 349 901 432 partem
923 366 1039 412 earum
1062 367 1188 427 rerum,
1212 367 1296 432 quas

148 452 224 520 fieri
245 455 371 519 natura
392 450 539 517 humana
560 473 628 517 non
651 455 757 531 vetet,
782 450 817 515 in
840 449 990 516 fabulam
1012 448 1172 518 inducere
1194 450 1297 517 debet

148 561 261 645 poeta.
318 556 395 623 Non
427 555 515 623 cuim
546 560 655 623 totam
686 555 827 623 alicuius
866 554 1009 622 hominis
1041 555 1147 621 vitam
1181 555 1297 621 fabula

149 662 243 729 horis
265 662 377 729 tribus
400 661 499 727 finita
521 683 722 748 percurrere
745 662 872 748 potest,
896 658 954 725 sed
976 666 1109 749 partem
1128 659 1298 725 minimam

148 771 285 833 tantum
299 766 331 852 ¹).
379 766 454 849 Qua
486 765 527 832 de
559 787 671 849 causa⁴
691 788 759 832 non
791 786 831 830 ea
862 764 973 831 omnia
1006 764 1131 831 debent
1153 763 1298 830 attribui

149 894 324 960 personae,
355 894 440 959 quae
463 871 571 937 multa
593 874 630 937 et
652 870 849 957 plerumque
872 868 972 936 valde
995 869 1132 936 diversa
1155 871 1299 956 praebet

149 979 253 1064 longa
268 978 304 1043 in
319 977 394 1043 vita
408 976 517 1058 homo,
541 976 599 1042 sed
615 979 737 1063 poetae
757 974 868 1056 idest,
891 977 934 1041 ut
950 974 1047 1062 quasi
1062 973 1298 1063 simpliciorem

148 1082 289 1150 inducat
300 1104 478 1170 personam
491 1090 526 1148 et
545 1102 627 1162 eam,
645 1101 744 1167 quam
756 1080 944 1167 perspicere
959 1081 1134 1166 possimus.
1170 1078 1300 1145 Invita

150 1188 237 1253 enim
253 1189 327 1275 ipsa
338 1186 487 1253 homines
504 1186 620 1273 quales
636 1208 675 1251 re
691 1207 774 1250 vera
790 1184 860 1250 sint
876 1206 953 1250 raro
969 1183 1201 1271 perspicimus,
1226 1206 1298 1249 cum

149 1292 227 1358 aliis
261 1293 469 1380 temporibus
503 1315 570 1357 non
604 1312 683 1356 raro
718 1290 818 1376 plane
851 1288 912 1355 alii
944 1312 1018 1356 esse
1047 1288 1230 1356 videantur
1264 1292 1299 1354 et

148 1396 249 1484 pauci
292 1396 469 1463 secundum
514 1398 643 1462 certam
687 1395 855 1461 rationem
886 1416 925 1460 ac
956 1393 1066 1480 legem
1097 1416 1133 1459 se
1163 1396 1298 1480 gerant.

149 1501 301 1568 Fabulae
333 1505 446 1569 autem
471 1523 634 1588 personas
659 1500 778 1587 utique
800 1522 937 1566 necesse
963 1502 1015 1565 est
1041 1508 1081 1564 ut
1105 1498 1300 1585 perspicere

148 1606 326 1694 possimus,
351 1607 431 1692 quia
448 1606 551 1673 aliter
569 1629 636 1672 non
651 1604 935 1691 intellegeremus,
959 1603 1041 1691 quid
1063 1604 1128 1669 sibi
1153 1602 1301 1670 voluerit

149 1715 261 1799 poeta.
291 1711 402 1805 Quare
417 1715 557 1799 praeter
574 1711 766 1777 universam
781 1710 822 1776 de
839 1710 986 1776 veritate
1009 1709 1118 1797 legem
1134 1708 1237 1775 aliam
1260 1708 1301 1775 de

150 1816 300 1884 veritate
314 1838 452 1903 eamque
464 1816 657 1883 fabularum
673 1815 876 1903 propriam2)
892 1815 993 1881 debet
1005 1816 1187 1880 observare
1199 1818 1301 1902 poeta

150 1923 220 1988 scil.
246 1922 287 1998 de
310 1922 504 1989 constantia
523 1921 642 2008 legam,
666 1943 733 2007 qua
755 1920 862 2007 magis
885 1942 985 2007 quam
1007 1919 1084 2005 lege
1106 1929 1209 1986 antea
1225 1943 1301 1987 eno-

149 2031 229 2094 tata
236 2027 493 2114 constringitur,
506 2049 549 2092 ne
562 2028 772 2092 oeconomiae
783 2026 921 2091 nimium
933 2026 1030 2112 quasi
1042 2023 1201 2112 faveaffl).
1227 2024 1302 2107 Qua

151 2132 246 2199 dere
270 2133 373 2199 etiam
387 2131 451 2199 hoc
466 2131 662 2198 tenendum:
689 2131 759 2197 scil.
783 2154 857 2196 cum
879 2131 919 2211 is,
943 2131 1058 2218 quiin
1082 2152 1302 2218 personarum

152 2239 337 2305 veritatem
358 2236 414 2305 vel
438 2240 648 2321 πιθανότητα
669 2236 822 2322 inquirit,
846 2236 1113 2322 unumquodvis
1139 2257 1301 2322 personae

151 2343 280 2409 factum
303 2343 485 2430 separatim
517 2342 720 2428 investiget,
753 2364 797 2407 an
830 2342 1034 2428 respondeat
1064 2345 1209 2407 naturae
1240 2339 1300 2405 hu·

151 2470 288 2530 manae,
332 2433 402 2514 11111
446 2447 504 2534 qui
540 2447 575 2512 in
623 2468 843 2534 personarum
887 2445 1113 2513 constantiam
1157 2444 1302 2532 inquirit

153 2556 216 2635 est,
251 2557 290 2619 ut
314 2552 470 2619 conferat
492 2560 595 2638 atque
619 2555 792 2638 comparet
814 2551 850 2616 id
873 2550 963 2637 quod
985 2551 1052 2616 alio
1073 2550 1212 2617 fabulae
1226 2550 1300 2616 loco

151 2681 298 2745 persona
320 2657 437 2724 locuta
468 2657 514 2724 sit
537 2657 592 2722 vel
622 2656 743 2722 fecerit
767 2679 840 2721 cum
868 2657 934 2727 eis,
969 2678 1054 2743 quae
1077 2655 1145 2722 alio
1168 2655 1299 2722 fecerit.

239 2764 340 2829 Artis
356 2762 521 2828 vocabula
536 2785 602 2826 non
624 2762 735 2827 multa
750 2771 887 2827 exstare
910 2784 975 2826 non
995 2760 1204 2842 mirabimur,
1228 2782 1301 2825 cum

154 2874 189 2935 et
205 2868 347 2956 simplex
363 2868 410 2935 sit
433 2891 488 2934 111
510 2890 619 2954 neque
641 2868 693 2933 ita
715 2866 821 2956 uariis
845 2866 950 2931 modis
974 2866 1159 2952 significari
1181 2865 1300 2952 possit.

154 2974 222 3042 Sed
244 2974 288 3039 ad
310 2973 521 3062 disciplinam
547 2972 657 3060 quoad
679 2975 797 3060 potest
820 2971 1106 3058 complectendam
1122 2971 1226 3037 etiam
1248 2969 1302 3037 hic

153 3103 260 3166 pauca
291 3079 418 3147 scholia
454 3101 521 3144 non
556 3077 600 3143 ad
637 3100 745 3143 mores
782 3075 991 3164 pertinentia
1024 3076 1127 3141 liceat
1166 3076 1300 3142 afferre.

155 3185 243 3253 Sunt
266 3193 379 3252 autem
403 3184 531 3251 scholia
553 3183 651 3249 haec:
686 3183 743 3248 Or.
768 3182 810 3247 99
842 3182 1038 3264 οὐδαμοῦ
1072 3181 1302 3266 ἀνώμαλον

155 3291 522 3374 τὸτῆςἨλέκτρας
547 3286 924 3374 ἦθος4),Ρ110111.274
948 3297 1047 3353 τοῦτο
1064 3288 1104 3352 οὐ
1121 3287 1302 3375 συνῳδὸν

157 3406 201 3483 τῷ
235 3396 325 3482 (267)
361 3394 579 3480 ,ὡπλισμένος
612 3393 648 3459 di
680 3407 773 3479 χεῖρα
802 3394 886 3479 τῷδε
922 3392 1093 3478 φασγάνῳ*
1128 3392 1181 3456 ΕΙ.
1219 3391 1302 3455 1385

155 3503 192 3564 τὸ
215 3501 347 3582 ,κακῶνι
371 3500 432 3582 οὐχ
452 3499 497 3574 ὡς
521 3498 753 3582 κατηγοροῦσά
776 3516 880 3581 φησιν
904 3496 1120 3579 (ἐναντίον
1144 3498 1220 3580 γὰρ
1251 3504 1302 3583 τῷ

247 3641 273 3708 1)
293 3640 369 3706 Quae
383 3646 483 3705 tamen,
503 3655 556 3705 quo
577 3639 664 3691 maior
683 3645 726 3690 est
745 3643 835 3704 poeta,
856 3653 888 3689 eo
907 3652 998 3689 rerum
1018 3635 1054 3689 ad
1066 3653 1201 3704 personae
1214 3653 1302 3690 mores

158 3727 361 3797 cognoscendos
381 3734 409 3781 et
428 3729 511 3780 vitam
531 3726 750 3795 perspiciendam
770 3727 892 3794 gravium
913 3725 1020 3793 plenior
1039 3726 1100 3792 erit,
1128 3732 1157 3777 ut
1177 3731 1250 3778 recte
1270 3724 1303 3778 de

157 3818 294 3872 nonnullis
329 3816 431 3870 fabulis
466 3817 574 3870 dicatur
607 3823 694 3870 totam
714 3817 796 3868 vitam
822 3817 966 3868 humanam
994 3833 1048 3867 11111
1068 3821 1094 3866 at
1114 3815 1190 3866 brevi
1208 3813 1304 3867 fabula

157 3908 326 3976 complexum
346 3923 406 3961 esse
424 3915 543 3976 poetam.

245 4000 274 4066 2)
294 3998 357 4051 Scil.
378 3998 507 4051 carminis
526 3997 597 4064 epici
617 3998 713 4049 similis
733 3996 804 4048 ratio
825 4004 882 4062 est,
909 3994 957 4048 sed
984 4011 1036 4047 non
1056 4001 1112 4046 tam
1132 3992 1200 4045 dura
1221 4000 1302 4058 atque

157 4088 228 4140 acris
247 4089 300 4141 lex.

247 4181 276 4245 3)
295 4177 382 4230 Nimis
401 4177 573 4231 oeconomice
592 4177 648 4244 egit
668 4193 689 4229 e.
711 4194 734 4243 g.
755 4179 806 4228 An.
827 4178 887 4228 849.
899 4179 924 4240 5,
944 4176 1041 4236 81312,
1061 4170 1096 4224 cs.
1116 4174 1212 4224 913.1.

247 4268 276 4335 4)
296 4264 399 4334 ὁμαλός
417 4266 505 4334 ipsum
525 4266 684 4320 Aristotelis
704 4266 864 4319 vocabulum
884 4271 934 4317 est.
