2946 4734
707 222 750 287 78

152 397 267 462 δίποδι
302 394 498 482 ἀπρεπὲς
533 399 570 462 τὸ
601 409 668 462 τῶν
701 395 788 463 νέων
824 401 1022 481 πρόσωπον,
1053 396 1112 464 Ai.
1139 397 1208 464 354
1240 399 1302 464 οὖν

152 501 375 582 εὐπρεπὲς
397 504 458 585 τὴν
478 501 673 586 Τέκμησσαν
696 505 874 586 τὸνλόγον
895 502 1104 587 ὑφαρπάζειν
1117 505 1309 588 λεγόμενον.

152 611 236 691 πρὸς
267 609 326 672 τὸν
354 613 488 686 Αἴαντα,
523 606 647 673 Phoen.
672 608 757 674 1566
780 617 879 675 τοῦτο
911 606 1126 692 ἀπρεπὲς,
1158 608 1209 674 ὅτι
1242 611 1302 675 τὸν

154 714 319 779 Οἰδίποδα
351 713 475 798 ἄλοχον
506 714 567 795 τὴν
587 713 756 796 Ἰοκάστην
788 726 879 779 ποιεῖ
900 712 1039 797 λέγοντα
1063 764 1096 791 .,
1120 715 1215 780 ἔδει
1239 711 1301 781 οὖν

151 821 189 883 τὸ
221 819 327 901 ὄνομα
360 822 640 901 παραιτήσασθαι,
673 817 728 884 Or.
754 819 817 884 562
850 817 1058 902 ἀπρεπῶς
1089 821 1127 886 τὸ
1160 822 1299 904 ‚doceat

152 927 210 992 Or.
225 924 309 989 1512
326 923 485 1002 ἀνάξια
508 974 514 986 .
534 973 540 987 .
564 933 623 1006 τῆς
639 924 795 1007 Ὀρέστου
817 934 993 1008 συμφορᾶς
1008 926 1048 989 τὰ
1064 929 1237 1010 λεγόμενα,
1261 925 1300 991 Ο.

152 1031 193 1096 a.
228 1030 293 1095 463
339 1030 400 1094 οὐκ
434 1032 525 1094 ἔστιν
560 1028 674 1105 αὐτοῖς
707 1029 1009 1112 εὐπρόσωπον
1043 1029 1300 1114 ἀναλογίζεσθαι

152 1135 227 1219 περὶ
260 1131 307 1201 ὧν
339 1130 432 1200 εἶπεν
460 1135 478 1199 ὁ
506 1134 633 1217 μάντις,
665 1133 762 1199 Eum.
787 1136 851 1201 609
882 1137 1041 1218 τραγικὸν
1072 1134 1134 1212 καὶ,
1160 1134 1299 1223 πρέπον,

152 1244 235 1307 Ant.
252 1240 419 1322 1232‚A1·.
437 1240 489 1320 36,
513 1239 638 1305 Phoen.
654 1240 707 1321 47,
725 1240 798 1321 911,
823 1239 878 1306 Or.
897 1241 970 1322 370,
993 1240 1071 1306 Tro.
1089 1232 1311 1323 1010,1030,'

151 1347 276 1412 Phoen.
292 1345 342 1426 18,
356 1345 396 1411 of.
411 1344 513 1410 etiam
526 1343 581 1409 Or.
594 1344 677 1426 418;
696 1345 760 1409 An.
774 1344 848 1409 447.
864 1347 883 1408 2
900 1345 994 1427 ,mire
1010 1348 1184 1412 servatum
1195 1347 1251 1412 est
1264 1344 1299 1409 in

151 1452 366 1519 adulescente
398 1449 506 1515 libero
529 1451 574 1514 τὸ
606 1449 779 1532 πρέπον
803 1453 838 1516 et
860 1450 896 1515 in
919 1453 1072 1517 amatore
1094 1453 1141 1517 τὸ
1173 1457 1299 1516 πιθα-

151 1560 240 1638 νὸν,
273 1578 350 1622 nam
382 1558 417 1621 et
448 1555 592 1621 honesto
623 1555 739 1621 iuveni
770 1579 837 1621 non
868 1557 1079 1642 congruebat
1105 1554 1298 1642 versipellis

151 1663 267 1728 vultus
292 1666 328 1728 et
350 1664 535 1727 amatorem
558 1661 740 1726 absurdum
763 1662 882 1727 fuerat
903 1661 1032 1748 ingenii
1054 1661 1167 1728 celare
1188 1658 1298 1727 tristi·

151 1768 256 1846 tiam‘,
288 1766 354 1831 An.
380 1766 462 1830 351
498 1766 750 1847 ,commendatio
784 1789 947 1853 personae
979 1788 1078 1853 quam
1110 1766 1223 1848 servi,
1256 1787 1298 1830 ne

151 1876 270 1939 contra
292 1871 399 1936 filium
422 1871 492 1936 levi
515 1893 613 1936 servo
633 1870 763 1957 aliquid
777 1871 945 1937 committi
965 1871 1186 1937 indecore
1207 1869 1297 1936 vide·

151 1981 250 2059 atur‘,
274 1976 340 2042 An.
365 1978 470 2042 7981
499 1976 652 2063 ,primum
685 1976 779 2042 dolet
803 1975 910 2059 Crito,
943 1976 1021 2063 quia
1044 1976 1209 2043 meretrix
1230 1975 1298 2041 fuit

152 2081 313 2167 Chrysis,
347 2081 490 2148 secundo
521 2103 718 2166 progressus
752 2082 919 2168 queritur,
952 2080 1042 2168 quod
1063 2083 1201 2149 mortua
1223 2085 1296 2148 cst.

150 2191 196 2253 τὸ
219 2186 391 2270 πρέπον
422 2187 525 2252 etiam
557 2190 729 2253 servatum
761 2198 814 2252 est
845 2187 947 2272 gravi
979 2186 1062 2267 viro,
1096 2208 1170 2252 cum
1201 2185 1296 2251 illum

150 2292 305 2358 sobrinae
358 2292 483 2378 pudet,
529 2291 596 2356 An.
636 2293 699 2356 325
763 2292 958 2373 ,artificiose
1003 2290 1079 2357 Ter.
1126 2290 1297 2379 expressit

149 2419 328 2484 personam
360 2396 497 2483 nuptias
529 2401 739 2462 recusantem
773 2401 808 2463 et
832 2396 930 2463 simul
954 2399 999 2462 τὸ
1031 2396 1204 2479 πρέπον
1228 2396 1295 2463 vir·

149 2503 222 2589 gini
244 2502 456 2582 reservavit,
490 2500 555 2566 Ad.
580 2502 688 2567 5212
712 2503 755 2589 (p.
783 2504 825 2567 70
847 2502 1045 2588 enotatum),
1076 2501 1169 2567 cuius
1193 2502 1296 2567 verba

151 2630 202 2687 ,ne
233 2606 495 2671 indecorum
527 2605 753 2673 adulescentis
786 2629 947 2694 personae
980 2607 1035 2673 sit‘
1058 2605 1124 2672 huc
1154 2604 1295 2685 faciunt,

151 2735 290 2798 quocum
323 2711 589 2796 coniungendnm
622 2713 695 2793 519,
729 2712 830 2777 5981
867 2712 1091 2795 ,servavit
1123 2713 1169 2777 τὸ
1203 2712 1295 2794 πρέ-

151 2840 234 2882 πον
257 2816 430 2882 adiciendo
456 2822 639 2898 „mecum“‘
665 2818 712 2901 (id
736 2821 806 2884 est:
831 2842 896 2884 non
919 2819 1067 2905 imperat
1083 2817 1195 2903 Hegio
1219 2836 1295 2900 „aas

149 2926 193 2991 ad
214 2929 388 3005 matrem“,
422 2925 482 2990 sed
508 2948 623 2991 vocem
648 2931 816 3007 „mecum“
839 2927 1013 2993 adiciendo
1040 2949 1111 2993 rem
1133 2924 1293 3013 mitigat),

149 3032 266 3111 7052,
302 3031 388 3095 Eun.
425 3031 531 3095 7162
569 3036 742 3111 ,contra
781 3032 992 3098 officium
1030 3031 1125 3097 fuit
1158 3030 1295 3098 mentiri

149 3136 300 3201 docuisse
333 3158 466 3201 servum
499 3141 534 3201 et
569 3134 719 3201 adfuisse
750 3137 921 3203 mendacio
953 3136 1129 3203 liberalem
1163 3135 1293 3201 adules-

149 3241 329 3306 centulum.
376 3241 434 3306 sed
467 3241 554 3321 vide,
590 3242 866 3327 quemadmodum
900 3242 1123 3308 defendatur:
1159 3241 1239 3307 dum
1260 3262 1294 3306 se

148 3345 287 3410 mentiri
324 3349 476 3410 coactum
514 3345 606 3424 dicit,
646 3348 851 3412 consulit
886 3347 1147 3428 honestati‘,
1187 3345 1293 3412 5682

149 3450 434 3536 ,totumoptimet
458 3455 590 3516 namnt
612 3475 695 3516 non
720 3455 824 3518 erat
848 3453 948 3517 boni
972 3449 1292 3518 adulescentis

147 3554 234 3621 hanc
266 3554 422 3620 technam
452 3556 613 3640 reperire,
648 3557 695 3621 sic
725 3559 767 3622 ab
799 3557 866 3623 alio
898 3560 1071 3644 repertam
1102 3556 1172 3621 fuit
1194 3555 1293 3642 plane

148 3662 222 3727 veri
254 3660 417 3726 amatoris
449 3661 625 3747 arripere‘,
650 3662 764 3743 eote,
789 3665 840 3743 57,
865 3662 971 3727 2262
997 3661 1106 3746 (modo
1130 3658 1292 3744 enotata),

147 3766 213 3833 An.
237 3766 320 3829 711
356 3765 466 3846 ,laude
499 3766 675 3852 impertita
707 3767 777 3831 eius
811 3767 960 3833 moribus
994 3767 1052 3854 qui
1084 3789 1163 3832 mox
1194 3765 1294 3831 ducet

146 3893 294 3953 uxorem,
321 3874 475 3957 superest
499 3874 538 3934 ut
560 3871 696 3936 futurae
720 3894 851 3958 quoque
879 3875 1065 3953 matronae,
1088 3870 1180 3937 idest
1206 3869 1293 3954 Gly-

147 3976 247 4057 cerio,
280 3977 488 4061 probitatem
510 3975 709 4042 debitam
731 4000 792 4063 pro
815 3999 960 4064 persona
983 3977 1126 4058 reddat‘,
1159 3976 1203 4042 ol.
1227 3976 1291 4041 An.

148 4082 231 4147 74.1
257 4081 421 4163 ,defendit
445 4133 477 4147 ..
502 4082 609 4147 vitam
633 4081 822 4167 Chrysidis,
855 4087 894 4148 ut
920 4083 1075 4170 potuerit
1106 4082 1198 4169 apud
1221 4104 1292 4149 eam

147 4182 275 4253 recte
308 4191 441 4252 morata
476 4209 548 4252 esse
572 4186 780 4271 Glycerium,
816 4210 901 4275 quae
936 4210 986 4253 ex
1020 4194 1291 4273 argumento

146 4298 304 4360 matrona
327 4293 413 4373 erit‘,
436 4293 517 4358 Heo.
540 4293 648 4357 495.3
673 4293 766 4373 ,bene
790 4293 859 4359 scil.
884 4295 958 4361 abit
980 4292 1186 4381 Pamphilus,
1215 4314 1292 4362 nam
