2946 4734
703 551 740 616 II

584 675 632 742 De
655 675 851 741 oeconomia.
945 720 947 723 -

235 817 344 882 Poeta
367 839 441 882 cum
457 820 586 883 certam
601 815 751 882 fabulam
767 819 954 903 componat,
978 815 1096 903 inqua
1112 815 1182 883 scil.
1199 822 1296 883 certa

147 922 312 1010 quaedam
336 922 429 987 facta
451 920 606 988 accidant
630 923 791 1008 certaque
814 921 958 1008 denique
980 925 1194 1006 καταστροφή
1217 943 1294 989 eve-

147 1028 232 1108 niat,
263 1027 310 1092 sic
341 1049 396 1093 res
428 1047 467 1092 ac
488 1047 651 1113 personas
683 1026 866 1092 instituere
898 1025 1009 1108 debet,
1040 1030 1081 1092 ut
1113 1025 1211 1114 quasi
1234 1049 1295 1093 sua

149 1138 269 1221 sponte
299 1155 359 1199 nec
389 1135 484 1200 certo
515 1131 654 1199 consilio
686 1133 895 1198 extrinsecus
926 1131 1078 1199 adhibito
1107 1132 1219 1199 omnia
1240 1154 1294 1199 ao·

148 1239 260 1306 cidere
293 1259 522 1326 personaeque
551 1261 619 1304 non
648 1246 770 1325 poetae
792 1238 889 1323 quasi
914 1237 1056 1324 imperio
1080 1236 1139 1304 sed
1162 1260 1222 1305 suo
1244 1238 1293 1325 ip·

149 1367 262 1410 sorum
279 1343 425 1411 arbitrio
442 1352 545 1430 atque
562 1342 734 1410 voluntati
750 1342 888 1429 obsequi
902 1342 1095 1409 videantur.
1120 1342 1293 1426 Quomodo

55 1484 57 1489 ·
148 1449 178 1514 si
202 1452 392 1535 opportune
415 1451 518 1534 atque
541 1447 781 1513 convenienter
805 1447 916 1532 egerit
938 1452 1050 1534 poeta,
1075 1450 1295 1532 οἰκονομικῶς

149 1557 260 1643 egerit
284 1555 386 1644 (quod
401 1555 601 1622 vocabulum
617 1557 743 1642 optime
759 1556 902 1622 electum
918 1577 1080 1645 persaepe
1095 1555 1292 1640 invenimus,

148 1684 213 1748 quo
246 1661 415 1727 nobismet
445 1660 529 1746 ipsis
560 1661 613 1726 uti
646 1661 769 1745 liceat).
817 1664 1045 1744 Οἰκονομικῶς
1075 1660 1185 1748 igitur
1219 1662 1295 1748 agit

147 1770 250 1854 poeta
262 1771 322 1833 aut
332 1768 433 1832 rebus
446 1769 507 1833 aut
517 1766 669 1853 personis
683 1767 855 1853 respectio,
867 1789 1009 1854 quorum
1020 1767 1167 1834 alterum
1178 1767 1223 1834 ad
1233 1791 1293 1845 nos

148 1871 303 1958 pertinet
315 1871 347 1956 1).
395 1871 522 1938 Tamen
545 1871 586 1936 de
608 1873 707 1938 rebus
724 1893 809 1958 quae
826 1874 906 1937 sunt
922 1870 1049 1938 scholia
1063 1894 1144 1939 raro
1160 1872 1294 1961 quidem

149 1976 252 2042 etiam
274 1975 328 2042 hic
351 1975 610 2058 adhibebuntur,
634 1976 693 2041 ubi
718 1975 793 2042 usui
815 1998 888 2042 esse
911 1976 1117 2043 videbuntur
1140 1976 1184 2043 ad
1200 1977 1293 2045 etho·

148 2081 325 2168 graphiam
356 2080 474 2147 melius
507 2081 770 2166 cognoscendam
781 2080 814 2160 2).
870 2080 1054 2169 Praecipue
1086 2085 1201 2149 autern
1230 2082 1294 2148 hoc

148 2186 221 2253 loco
252 2187 452 2273 quaerimus,
484 2185 647 2272 quomodo
679 2208 898 2272 personarum
929 2209 1038 2253 mores
1070 2186 1114 2254 ad
1142 2185 1293 2254 fabulam

149 2292 386 2377 procedentem
418 2291 623 2377 pertineant.
671 2295 899 2375 Οἰκονομικῶς
931 2291 1000 2357 scil.
1024 2314 1051 2357 e.
1075 2315 1107 2378 g.
1140 2292 1292 2359 Medeam

148 2395 273 2462 liberos
303 2400 479 2461 necantem
505 2395 643 2461 inducet
664 2399 777 2482 poeta,
808 2397 837 2462 si
860 2396 991 2463 omnino
1015 2418 1169 2484 asperam
1191 2400 1294 2485 atque

81 2492 83 2497 ¹
106 2545 109 2549 -
149 2501 269 2567 duram
291 2500 436 2582 inducet,
460 2500 511 2566 sin
535 2499 637 2566 aliter
660 2523 722 2588 per
746 2501 906 2589 seipsam
928 2505 1080 2568 teneram
1103 2505 1209 2591 atque
1222 2502 1293 2590 pla·

149 2606 257 2672 eidam
290 2605 446 2686 inducet,
486 2605 754 2690 ἄνοικονομήτως
787 2611 885 2692 aget,
923 2611 1037 2673 tamen
1069 2629 1138 2674 non
1170 2607 1293 2675 malam

148 2710 297 2778 fortasse
313 2710 461 2777 fabulam
478 2710 614 2776 efficiet.
650 2711 718 2777 Sed
739 2721 938 2797 assequetur
960 2713 1172 2799 propositum
1194 2712 1292 2780 nimis

148 2815 252 2902 longa
281 2815 338 2882 via
368 2838 430 2882 nec
459 2815 590 2881 directa
619 2817 758 2901 regione
786 2817 979 2903 procedens.
1036 2817 1163 2883 Eodem
1196 2816 1293 2884 modo

243 2997 268 3060 1)
288 2994 330 3046 De
355 3010 409 3060 qua
428 2992 583 3047 differentia
608 3003 638 3048 ut
667 2997 768 3049 certior
793 2995 851 3062 tias,
878 2988 1046 3049 conferas'e.
1066 3013 1091 3064 g.
1112 3011 1133 3048 s.
1153 2995 1222 3049 Don.
1242 2994 1293 3049 Ad.

150 3085 253 3149 541.1,
286 3083 313 3134 in
341 3099 394 3150 quo
429 3099 445 3135 a
476 3091 559 3151 poeta
584 3085 755 3138 oeconomice
784 3085 938 3138 institutum
972 3100 1032 3138 esse
1060 3092 1185 3138 monetur
1221 3083 1294 3152 quod

150 3172 353 3224 mercennarius
374 3172 420 3225 ille
432 3173 551 3226 Demeae
571 3173 652 3227 affert
670 3175 793 3228 nuntium
814 3173 847 3226 de
867 3174 1039 3242 Ctesiphone,
1060 3173 1172 3241 quofit,
1191 3181 1294 3228 utnon

151 3260 289 3327 relinquat
314 3262 409 3314 urbem
436 3262 539 3315 Demea
562 3279 650 3330 nequo
675 3264 755 3331 absit,
781 3281 841 3316 cum
867 3265 903 3317 sit
930 3264 1101 3317 necessarius
1129 3264 1158 3316 in
1187 3279 1293 3330 scaena,

150 3347 200 3402 sed
218 3357 293 3402 recte
322 3356 349 3402 et
368 3350 449 3417 plane
474 3351 605 3419 procedat
631 3351 732 3405 fabula.
771 3354 873 3406 Tamen
900 3351 934 3406 ad
961 3354 1031 3406 hanc
1056 3369 1114 3406 rem
1137 3369 1192 3406 non
1211 3352 1294 3422 perti·

151 3445 216 3492 nent
235 3446 283 3491 aut
302 3440 482 3492 mercennarii
501 3448 550 3493 aut
568 3442 686 3495 Demeae
709 3448 808 3495 natura
827 3450 909 3509 atque
929 3459 1026 3496 morea.
1055 3444 1130 3510 Quae
1149 3442 1294 3508 sententia,

61 3567 65 3576 .
151 3530 207 3583 scil.
237 3545 297 3582 esse
323 3527 516 3596 distinguenda
543 3530 596 3583 duo
624 3533 796 3585 oeconomiae
815 3547 924 3598 genera,
953 3533 1066 3600 probari
1092 3530 1201 3586 videtur
1226 3548 1249 3586 e.
1269 3548 1294 3599 g.

151 3619 234 3672 schol.
256 3619 285 3672 0.
298 3619 325 3672 C.
346 3622 396 3672 551
426 3621 542 3688 χρηστὸς
571 3620 585 3674 ὁ
607 3621 713 3687 Θησεὺς
736 3621 768 3674 τὸ
795 3615 867 3689 ἦθος
895 3620 1035 3688 εἰσάγεται
1055 3621 1103 3674 καὶ
1129 3618 1205 3690 ἔχει
1232 3620 1294 3674 καὶ

151 3703 206 3760 ἐπὶ
225 3716 332 3762 τοῦτο
351 3715 413 3776 τῆς
432 3708 654 3779 οἰκονομίας
674 3711 835 3776 δεξιώτατα.

242 3803 269 3866 2)
289 3798 414 3851 Ceterum
440 3800 548 3852 omnino
575 3799 721 3853 cavendum
742 3807 791 3867 est,
820 3817 854 3852 ne
874 3801 944 3853 hano
962 3801 989 3853 in
1009 3808 1116 3868 partem
1140 3802 1210 3854 clam
1229 3801 1295 3855 irre·

151 3893 219 3954 pant
238 3903 281 3940 res
302 3885 337 3939 ad
356 3888 424 3941 alias
451 3890 518 3942 artis
544 3890 668 3956 poeticae
695 3896 789 3957 partes
812 3891 988 3957 pertinentes,
1008 3907 1030 3943 e.
1051 3907 1075 3958 g.
1096 3888 1231 3957 quomodo
1250 3889 1295 3944 de·

151 3977 233 4029 beant
252 3976 360 4030 institui
384 3994 561 4045 personarum
583 3975 675 4043 ἔξοδοι
694 3979 736 4031 vel
755 3980 869 4040 εἴσοδοι,
896 3980 1040 4032 chororum
1066 3977 1198 4047 πάροδοι,
1225 3995 1295 4047 quae

151 4064 304 4119 intercedat
322 4067 394 4119 ratio
413 4068 485 4119 inter
503 4067 603 4136 χορικοὶ
624 4075 651 4121 et
668 4084 846 4136 personarum
860 4069 1003 4135 actionem,
1023 4067 1089 4134 quid
1102 4069 1139 4121 sit
1151 4067 1295 4123 dicendum

150 4154 215 4221 περὶ
234 4154 397 4223 εὑρημάτων
423 4162 451 4209 et
476 4172 545 4222 quae
570 4157 628 4209 eius
647 4157 754 4223 generis
774 4165 845 4210 sunt.
884 4157 959 4224 Quae
987 4157 1078 4210 omnia
1101 4158 1225 4224 quamvis
1248 4156 1296 4225 qui

151 4244 293 4298 absolvere
312 4245 379 4297 velit
397 4252 483 4298 totam
502 4244 535 4298 de
555 4252 615 4298 arte
628 4247 736 4313 poetica
750 4247 936 4312 quaestionem
956 4263 1009 4299 non
1029 4245 1129 4300 debeat
1142 4247 1294 4315 neglegere,

151 4334 203 4386 hoc
221 4334 290 4399 loco,
310 4350 344 4385 ne
363 4334 495 4388 obruatur
515 4334 660 4401 certaria,
680 4334 798 4401 relinqui
817 4334 924 4389 debent.
