2946 4734
570 343 775 405 -51-

109 521 201 574 Plaut.
220 519 332 573 Poenul.
354 518 403 570 140
413 536 451 585 sq.

269 623 364 660 amans
383 622 430 674 per
449 619 570 658 amorem
597 603 619 658 si
638 605 704 673 quid
722 606 782 668 feci,
808 607 934 677 Milphio,

268 693 408 762 ignoscere
427 691 455 744 id
472 697 500 745 te
519 691 587 744 mihi
606 709 722 760 aequom
741 696 791 748 est.

106 783 196 835 Plaut.
218 783 351 834 Mercator
369 779 419 831 317
434 797 491 847 sqq.
713 860 714 863 Ἴ

387 866 457 918 nihil
475 870 516 920 est
533 866 598 935 iam,
618 866 690 934 quod
708 869 739 919 tu
758 866 826 919 mihi
844 885 1007 936 suscenseas,

266 956 352 1010 fecere
371 954 428 1007 tale
445 958 510 1007 autc
528 953 576 1007 alii
594 954 713 1022 spectati
733 953 792 1007 viri.

266 1042 418 1116 burrianum
436 1043 577 1103 emarcest
596 1041 747 1094 humanum
767 1045 860 1095 autem
880 1042 1053 1113 ignoscerest.

67 1132 109 1184 Cf.
118 1131 206 1184 Plaut.
217 1129 314 1183 Bacch.
327 1128 394 1181 1014
403 1146 460 1196 sqq.
480 1127 588 1181 Terent.
598 1127 720 1182 Eunuch.
733 1129 783 1180 877
794 1147 851 1197 sqq.
871 1129 981 1201 Terent.
993 1131 1109 1202 Adelph.
1120 1132 1169 1186 687
1180 1151 1241 1202 sqq.

68 1222 134 1282 Iam
166 1218 280 1282 eadem
303 1217 343 1280 de
365 1237 462 1280 causa
485 1217 516 1279 in
541 1208 699 1298 Propertii
729 1224 760 1281 et
790 1220 897 1283 Ovidii
926 1221 1123 1285 carminibus
1145 1223 1240 1287 venia

65 1327 98 1383 et
123 1319 243 1402 petitur
260 1322 292 1381 et
312 1318 424 1381 datur:

101 1420 185 1488 Prop.
204 1418 229 1470 ll
248 1417 290 1485 30,
307 1417 340 1468 24

264 1505 316 1558 hoc
333 1504 356 1557 si
374 1504 477 1558 crimen
496 1503 555 1572 erit,
575 1502 677 1557 crimen
698 1503 805 1556 Amoris
823 1502 888 1557 erit:

346 1591 483 1646 minemo
502 1590 613 1645 obiciat.

101 1679 178 1733 Ovid.
200 1678 303 1733 heroid
325 1679 376 1730 VII
398 1680 445 1732 163
456 1697 495 1748 sq.

149 1802 155 1817 ,
261 1782 352 1835 parce,
371 1783 475 1835 precor,
494 1765 595 1829 domui,
616 1783 730 1834 quaese
749 1764 802 1818 tibi
821 1764 908 1818 tradit
925 1764 1097 1819 habendam!

313 1852 385 1920 quod
405 1853 510 1908 crimen
528 1853 596 1907 dicis
613 1858 723 1924 praeter
741 1869 846 1907 amasse
866 1852 979 1906 meum?

98 1939 177 1992 Ovid.
199 1938 303 1993 heroid.
323 1939 389 1992 VIII
410 1940 442 1993 37
459 1958 497 2009 sq.
965 2004 969 2009 ¹

261 2029 291 2081 ct
307 2030 387 2096 pater
405 2027 527 2097 ignoscet
546 2031 640 2082 nostro
659 2029 799 2083 Menelaus
817 2030 913 2092 amori,

312 2114 455 2169 succubuit
472 2114 535 2169 telis
552 2116 689 2185 praepetis
708 2116 765 2185 ipse
783 2115 836 2168 dei.

96 2201 177 2254 Ovid.
196 2201 300 2254 heroid.
318 2201 382 2254 XVI
400 2202 498 2270 (XVII)
517 2203 551 2255 35
565 2220 604 2271 sq.

259 2305 308 2343 nec
327 2291 421 2342 tamen
439 2288 540 2344 irascor
558 2291 630 2358 (quis
648 2290 721 2344 enim
740 2294 879 2345 succenset
897 2289 1032 2356 amantii)

310 2375 441 2445 simodo,
460 2393 542 2445 quem
562 2377 690 2446 praefers,
710 2395 765 2432 uon
784 2378 928 2432 simulatus
946 2393 1030 2431 amor.

95 2461 177 2515 Ovid.
195 2461 300 2516 heroid.
319 2462 413 2515 XVIII
434 2464 525 2533 (XIII)
543 2465 560 2516 4

309 2550 345 2603 da
363 2550 472 2605 veniam
489 2550 589 2605 fassae:
615 2568 670 2604 non
689 2551 826 2621 patienter
845 2569 914 2606 amo.

145 2656 292 2737 Demque
324 2657 399 2720 ilem
430 2662 466 2720 111
496 2658 528 2719 iu
559 2657 664 2720 Plauti
686 2659 862 2722 Mercatore
885 2659 947 2722 314
970 2662 1002 2721 et
1030 2659 1062 2720 iu
1091 2657 1231 2721 Terentii

59 2756 219 2837 Adelphis
240 2757 301 2820 687
324 2758 411 2839 apud
435 2757 644 2821 Heliodorum
662 2758 829 2822 Chariclea
858 2758 1090 2821 monetariam
1114 2757 1231 2820 multos

59 2854 142 2917 alios
165 2856 267 2919 bonos
296 2856 443 2919 houriues
470 2858 571 2921 amori
601 2858 821 2921 succubuisse:
854 2857 977 2920 Heliod.
1003 2856 1042 2919 lV
1067 2857 1169 2932 10,44
1190 2857 1232 2920 σύ

56 2958 120 3030 μὲν
144 2953 219 3017 ἴσθι
241 2955 287 3037 μή
309 2952 394 3035 μόνη
418 2957 471 3016 καὶ
496 2958 607 3035 πρώτη
630 2958 667 3015 sd
692 2954 805 3028 πάθος
833 2954 1026 3033 duceudos,
1061 2956 1145 3018 dita
1169 2957 1231 3019 miv

57 3052 198 3126 πολλαῖς
219 3059 282 3132 μὲν
303 3056 427 3134 γυναιξὶ
451 3059 515 3115 τῶν
538 3053 722 3139 ἐπισήμων,
746 3056 810 3118 urir
833 3053 968 3127 πολλαῖς
990 3055 1028 3116 δὲ
1050 3061 1231 3135 παρθένοις

55 3155 123 3212 τῶν
145 3142 250 3214 τᾶλλα
273 3151 462 3235 σωφρόνων.

144 3251 409 3316 Contumaciores
425 3258 532 3316 autem
549 3257 623 3317 suut
643 3252 872 3329 adulescentes
896 3252 951 3334 qui
966 3272 1111 3316 amorem
1134 3274 1228 3319 suum

54 3352 249 3431 profitentur
271 3353 303 3414 in
324 3353 464 3416 Terentii
486 3354 609 3416 Andria
629 3355 707 3418 896:

125 3466 178 3516 ego
197 3466 241 3503 me
259 3467 353 3504 amare
373 3451 443 3504 hauc
462 3452 563 3515 Iate0r3
589 3451 611 3505 si
630 3452 658 3504 id
677 3454 829 3519 peccarest.
849 3449 938 3503 fateor
958 3449 987 3502 id
1005 3468 1122 3519 quoque,

53 3543 85 3601 et
109 3538 142 3600 in
165 3537 332 3602 Menandri
354 3539 467 3619 fragm.
490 3541 600 3603 iucert.
623 3542 694 3615 858,
716 3541 753 3603 K.
777 3539 816 3602 Ill
837 3559 868 3620 p.
892 3538 968 3601 229:

254 3631 329 3705 ἤρων
347 3633 412 3707 γάρ,
433 3634 514 3705 ἥρων,
534 3631 668 3707 ὁμολογῶ
689 3639 736 3689 καὶ
754 3637 805 3688 νῦν
824 3633 853 3687 d'
872 3633 932 3706 ἐρῶ.

52 3725 116 3788 Sed
139 3724 339 3805 pertinaciae
359 3726 462 3787 socios
484 3726 615 3802 habeut,
639 3727 671 3789 ui
695 3727 795 3801 fallor,
819 3743 972 3804 maguum
991 3722 1223 3785 Callimachum

50 3825 187 3904 eiusque
209 3826 401 3887 sectatorem
425 3825 592 3889 Ovidium:

87 3920 252 3976 Callimachi
270 3922 356 3991 epigr.
376 3922 449 3975 XLII
469 3926 533 3991 5sq.
554 3925 670 3991 (anthol.
691 3924 746 3978 Pal.
766 3922 820 3975 XII
842 3922 901 3983 1181

247 4003 340 4061 ἐλθὼν
358 4009 376 4060 d
380 4006 387 4022 '
406 4005 456 4062 cdx
475 4006 582 4081 ἐβόησα,
603 4015 643 4070 τίς
663 4008 678 4081 ἢ
698 4015 780 4073 τίνος,
804 4006 861 4060 ἄλλ’
880 4004 996 4075 ἐφίλησα

333 4092 383 4166 τὴν
401 4095 493 4167 φλιήν·
514 4097 539 4150 εἰ
558 4095 632 4151 τοῦτ’
651 4095 706 4151 ἔστ’
725 4094 844 4166 ἀδίκημ’,
865 4092 974 4147 ‹idrxs'm

1005 4211 1042 4263 4*
