2946 4734
650 404 854 467 ..86-

202 579 231 630 et
248 573 340 631 Ovidii
357 596 382 631 v.
401 577 452 630 203

361 681 412 719 nec
428 663 517 733 pudor
535 666 577 716 est
594 663 685 717 oculos
702 664 779 718 tenui
798 664 907 734 signare
924 666 1038 733 favilla3

201 751 352 824 fragmenti
369 768 394 803 v.
414 750 445 803 17
456 749 499 817 sq.

361 831 507 907 συμβέβηκ’
528 831 601 888 εἶναι
620 834 767 905 μέλαιναν,
787 836 942 891 κατέπλασε
962 841 1123 912 ψιμμυθίῳ·

361 921 515 994 λευκόχρως
534 923 597 974 λίαν
616 924 657 980 τίς
675 919 740 986 ἐστι,
759 919 907 995 παιδέρωτ’
926 921 1096 997 ἐντρίβεται·

201 1016 229 1067 et
247 1009 338 1066 Ovidii
357 1028 383 1064 v.
403 1009 452 1064 199
465 1026 505 1076 sq.

361 1095 434 1150 scitis
450 1097 479 1149 et
493 1083 607 1147 inducta
624 1091 768 1147 candorem
787 1108 918 1160 quaerere
936 1097 1019 1149 creta.

442 1180 575 1251 sanguine
593 1197 664 1248 quae
682 1196 746 1232 vero
764 1196 820 1232 non
839 1180 927 1243 rubet,
947 1183 1007 1236 arte
1025 1180 1117 1244 rubet3

201 1268 350 1340 fragmenti
371 1287 395 1323 v.
418 1271 448 1321 19

359 1349 444 1409 καλὸν
462 1353 519 1424 ἔχει
542 1353 589 1405 τοῦ
608 1348 733 1420 σώματός
752 1368 785 1413 τι,
806 1348 887 1402 τοῦτο
906 1345 1015 1421 γυμνὸν
1034 1350 1193 1405 δείκνυται·

199 1446 227 1496 et
243 1441 334 1495 Ovidii
353 1459 377 1495 v.
396 1440 447 1495 305
457 1458 515 1507 sqq.

357 1543 421 1596 pars
438 1524 527 1581 umeri
545 1527 639 1578 tamen
660 1521 717 1574 ima
734 1520 784 1587 tui,
803 1537 867 1589 pars
885 1536 993 1573 summa
1010 1518 1105 1573 lacerti

441 1610 569 1664 nudauit
587 1627 603 1662 a
621 1608 700 1662 laeva
719 1606 910 1675 conspicienda
927 1623 1026 1661 manu:

357 1697 409 1750 hcc
431 1712 477 1749 vos
494 1695 648 1765 praecipue,
669 1693 773 1755 niveae,
791 1693 884 1753 decet;

197 1782 347 1851 fragmenti
365 1802 390 1838 v.
410 1783 443 1837 20
454 1800 493 1850 sq.

357 1865 470 1937 εὐφυεῖς
489 1866 603 1926 ὀδόντας
622 1865 709 1937 ἔσχεν,
730 1862 759 1922 ἐξ
777 1859 903 1934 ανάγκης
921 1864 966 1917 δεῖ
981 1862 1075 1932 γελᾶν,

356 1955 402 2008 ἳνα
423 1949 545 2027 θεωρῶἐ
564 1955 590 2005 οἱ
609 1955 753 2022 παρόντες.
768 1945 796 2003 τὸ
817 1946 895 2020 στόμ’
913 1943 950 2010 οἷς
970 1944 1083 2022 κομψὸν
1101 1959 1198 2024 φορεῖ·

195 2043 223 2095 et
240 2041 330 2095 Ovidii
349 2061 373 2094 v.
392 2041 441 2094 281
457 2058 495 2109 eq.

356 2125 416 2194 quis
434 2125 548 2181 credat?
575 2123 684 2177 discunt
702 2120 785 2174 etiam
806 2119 894 2174 ridere
913 2119 1028 2188 puellae,
1120 2148 1122 2153 ·

423 2213 565 2281 quaeritur
584 2213 667 2278 atque
685 2207 738 2260 illis
756 2207 808 2260 hac
826 2223 934 2274 quoque
950 2208 1031 2276 parte
1048 2206 1137 2262 decor.

160 2295 251 2372 Quae
279 2305 451 2381 praecepta
482 2301 596 2363 iterum
627 2317 683 2378 per
711 2295 1003 2358 Alexandrinorum
1028 2293 1135 2374 elegos
1164 2294 1196 2359 in
1226 2299 1329 2359 artem

158 2396 289 2486 amandi
322 2397 449 2462 fluxisse
479 2419 583 2480 neque
614 2417 650 2461 er
680 2395 788 2458 fabula
820 2395 961 2475 quadam
985 2393 1108 2457 Graeca
1138 2393 1182 2459 ab
1214 2393 1330 2458 Ovidic

159 2494 350 2577 deprompta
381 2518 449 2562 esse
479 2503 573 2580 puto,
606 2517 681 2560 nam
705 2498 949 2576 praeterquam,
980 2492 1068 2574 quod
1097 2492 1163 2557 iam
1195 2493 1330 2558 demon·

157 2598 293 2657 stratum
316 2601 363 2660 est
385 2599 485 2662 multa
504 2596 685 2661 huiusmodi
703 2598 875 2676 praccepta
898 2597 929 2656 et
952 2597 1037 2656 artes
1056 2591 1118 2656 hac
1140 2592 1329 2658 circuitione

157 2692 188 2755 in
219 2693 324 2775 elegos
353 2697 519 2761 Romanos
548 2695 744 2778 pervenisse,
788 2698 871 2756 recte
903 2693 1027 2757 monuit
1055 2692 1237 2756 Fridericus
1264 2692 1329 2757 Leo

155 2792 284 2857 Plaulin
306 2795 435 2859 Forsch.
450 2817 480 2877 p.
499 2798 550 2860 131
577 2794 727 2859 Ovidium
752 2794 782 2855 in
808 2798 876 2856 arte
895 2793 1081 2875 saepissime
1103 2812 1154 2857 res
1175 2796 1328 2868 mactare,

155 2913 239 2974 quae
263 2894 325 2957 iam
352 2895 382 2958 in
405 2896 501 2975 elegis
524 2900 710 2970 occurrunt,
742 2913 846 2975 neque
874 2893 976 2974 ipsum
1006 2893 1084 2956 trist.
1109 2892 1226 2956 11445
1244 2912 1328 2975 sqq„

155 2991 209 3054 ubi
231 3012 322 3055 suam
354 2993 506 3058 lascivam
538 3000 639 3060 artem
673 2994 808 3058 aliorum
838 2993 961 3056 artibus
983 2991 1149 3056 amatoriis
1170 3011 1328 3059 excusare

154 3097 296 3167 conetur,
317 3093 397 3156 ullos
419 3095 589 3175 scriptores
612 3096 672 3158 nisi
696 3098 808 3175 poetas
831 3093 988 3173 elegiacos
1009 3092 1187 3156 nominare.

236 3189 441 3271 Quamquam
465 3194 647 3269 iuvenibus,
679 3194 733 3275 qui
765 3214 837 3256 cum
861 3193 973 3256 scortis
996 3190 1131 3256 versutis
1152 3195 1326 3257 consuetu·

153 3289 259 3352 dinem
283 3290 421 3369 habent,
451 3297 498 3356 tot
522 3295 682 3375 tantisque
705 3314 785 3375 opus
806 3298 853 3357 est
873 3292 968 3369 dolis,
992 3291 1165 3368 laboribus
1188 3291 1325 3369 artibus,

153 3393 260 3453 tamen
290 3394 560 3457 meretricum
591 3415 786 3471 amorem,
818 3414 890 3456 cum
914 3392 1037 3457 amanti
1066 3390 1170 3455 multo
1200 3392 1325 3457 facilior

151 3489 257 3552 aditus
289 3492 345 3568 sit,
393 3495 571 3574 periculoso
611 3497 825 3576 superbarum
873 3498 1162 3557 matronarum
1196 3494 1323 3558 amori

149 3591 470 3671 praeferendum
506 3615 592 3659 esse
628 3597 739 3659 comici
778 3600 893 3676 poetae
925 3594 1052 3675 saepius
1082 3592 1322 3671 affirmant,

151 3691 236 3754 velut
262 3693 404 3757 Eubulus
427 3695 458 3758 in
481 3695 598 3758 Nannii
621 3697 801 3776 fragmento
822 3697 871 3773 67,
894 3696 931 3758 K.
955 3697 984 3758 ll
1007 3695 1113 3775 p.187
1135 3697 1166 3757 et
1189 3692 1323 3777 Panny-

151 3790 253 3855 chidis
276 3793 388 3873 fragm.
404 3796 453 3861 ll.
477 3796 513 3858 K.
531 3798 559 3859 ll
582 3817 613 3877 p.
631 3798 698 3872 193,
722 3797 860 3877 Amphis
882 3797 913 3858 in
935 3793 1143 3859 Athamantis
1163 3793 1279 3875 fragm.
1294 3797 1321 3873 1,

147 3891 184 3954 Κ.
210 3893 238 3955 ll
267 3913 297 3973 p.
321 3894 395 3971 936,
430 3895 620 3960 Xenarchus
649 3897 679 3960 in
704 3897 866 3960 Pentathli
890 3897 1001 3975 fragm.
1024 3896 1053 3972 l,
1083 3895 1121 3958 Κ.
1142 3894 1173 3958 Π
1195 3914 1226 3977 p.
1248 3896 1321 3972 468,

148 3991 281 4056 Plautus
304 3994 334 4056 in
358 3994 483 4059 Curcul.
508 3998 543 4059 31
559 4017 627 4078 sqq.
670 3997 760 4074 Quae
783 3998 896 4060 eadem
921 3995 1040 4060 eisdem
1061 3995 1127 4058 iere
1147 3994 1189 4059 de
1213 3996 1321 4061 causis
1366 4010 1369 4015 ’

150 4094 314 4156 contendit
337 4095 525 4176 Propertius
547 4097 578 4160 in
602 4098 743 4160 carmine
770 4099 799 4160 ll
821 4098 871 4172 93,
894 4095 1047 4160 Horatius
1068 4094 1101 4159 in
1122 4096 1237 4161 satura
1255 4096 1271 4161 l
1289 4096 1320 4173 2,

145 4193 297 4258 Martialis
320 4195 351 4257 in
374 4196 606 4276 epigrammate
622 4198 666 4260 lX
687 4197 735 4274 32,
761 4217 841 4278 quos
865 4197 949 4260 hanc
971 4214 1099 4277 quoque
1120 4196 1316 4261 senientiam
