2946 4734
697 194 742 259 46

148 372 183 435 et
207 371 445 456 separatarum
476 373 512 434 et
539 369 784 455 permixtarum
816 389 1047 455 personarum,
1079 389 1121 434 ne
1151 366 1300 435 ieiune

148 472 199 538 ad
235 477 536 559 argumentum
570 473 723 540 venire
754 477 797 540 et
824 497 907 540 non
938 495 1070 561 agere
1104 471 1299 539 fabulam

149 577 223 644 sed
259 600 446 645 narrare
484 579 713 660 videatur‘‚
753 579 815 644 Ph.
847 579 933 646 57.3
968 578 1214 660 ‚descensus
1249 575 1300 644 ad

149 688 449 769 argumentum
481 685 523 749 ab
556 706 594 750 eo
627 705 790 765 sermone,
825 683 883 770 qui
917 683 1129 750 extrinsecus
1153 703 1175 748 a
1196 684 1300 770 poeta

148 789 354 854 informatus
371 791 433 870 est,
450 788 619 855 nenuda
642 793 885 878 appareret
909 790 1121 865 σύνθεσις
1142 808 1300 854 0011100-

149 893 267 975 diae‘,
299 893 365 960 An.
389 894 441 959 28.
455 893 517 958 12
551 894 597 975 ,111
627 893 690 961 hac
713 916 835 961 scaena
857 894 939 961 haec
962 894 1075 961 virtus
1099 895 1162 975 001,
1192 891 1301 959 utin

149 1000 400 1086 argumenti
424 999 689 1066 narratione
712 1000 830 1066 actio
855 999 1059 1067 scaenica
1080 998 1299 1076 videatur,

151 1108 190 1171 ut
212 1105 283 1170 sine
306 1103 446 1170 fastidio
470 1105 591 1191 longus
616 1127 724 1171 sermo
750 1105 797 1171 sit
820 1127 859 1171 ae
883 1103 998 1171 senilis
1024 1103 1157 1185 oratio‘,
1186 1101 1301 1185 ,11000

151 1231 306 1276 scaena
335 1231 412 1296 pro
444 1211 693 1296 argumenti
725 1211 991 1277 narratione
1022 1209 1299 1297 proponitur,

151 1315 194 1380 in
219 1384 225 1396 ,
250 1337 330 1402 qua
383 1314 668 1381 fundamenta
721 1315 903 1381 fabulae
956 1314 1201 1394 iaciuntur,
1254 1314 1302 1377 ut

152 1420 327 1485 virtute
359 1424 532 1506 poetae,
567 1421 659 1486 sine
693 1420 852 1486 officio
887 1419 1065 1505 prologi
1087 1417 1157 1485 vel
1186 1424 1301 1483 θεῶν

153 1523 231 1590 άπὸ
255 1535 462 1608 μηχανῆς,
499 1528 540 1590 01
564 1525 813 1610 periocham
845 1524 1092 1591 comoediae
1114 1521 1301 1611 populus

154 1634 307 1695 teneat
330 1632 373 1695 01
395 1629 467 1715 agi
499 1651 568 1694 res
599 1630 735 1715 magis
770 1652 888 1717 quam
919 1629 1097 1695 narrari
1129 1628 1302 1712 videam

152 1733 453 1816 11111,Ε1.253τὸ
477 1738 530 1816 ,σὺ
553 1737 639 1800 νίκαί
662 1735 752 1800 πάνυ
774 1735 1034 1817 ἀναγκαίως,
1057 1734 1104 1800 ἵν’
1131 1734 1304 1818 ἀφορμὴ

154 1838 329 1922 γένηται
352 1840 483 1922 μακρὰν
498 1839 639 1904 ἐκτεῖναι
662 1840 760 1924 ῥῆσιν
776 1841 836 1922 τὴν
848 1838 1039 1922 Ἠλέκτραν,
1061 1832 1143 1925 ἕνῇ
1166 1839 1303 1904 πάντα

154 1944 200 2007 τά
239 1943 326 2008 καθ’
370 1942 528 2026 ἑαυτὴν
565 1947 882 2027 παραλήψεται,
920 1943 972 2009 El.
1006 1944 1048 2009 86
1082 1993 1122 2008 ..
1155 1943 1227 2009 ἐπεὶ
1258 1940 1303 2008 δὲ

155 2048 287 2130 άηθές
324 2048 443 2115 ἐστιν
482 2053 589 2132 πρὸς
621 2053 722 2124 τοὺς
755 2051 914 2126 θεατάς
947 2049 968 2133 ἢ
1002 2051 1109 2134 πρὸς
1144 2049 1304 2133 ἑαυτὴν

155 2163 284 2219 ταῦτα
308 2153 607 2236 διαλέγεσθαι,
629 2154 674 2229 ὡς
696 2154 966 2238 άπομεμφομένη
989 2167 1059 2231 τοῖς
1074 2154 1302 2239 θεοῖςῆμάρ-

155 2283 256 2341 τυρας
289 2271 355 2323 τῶν
387 2262 526 2342 θρήνων
556 2264 704 2323 καλοῦσα
735 2262 819 2342 πρὸς
842 2261 881 2324 τὰ
911 2272 1056 2345 στοιχεῖα
1079 2271 1222 2328 ποιεῖται
1244 2261 1304 2325 τὸν

156 2366 258 2447 λόγον
281 2361 335 2427 καὶ
359 2365 465 2439 οὕτως
498 2364 596 2446 ἡμῖν
627 2366 930 2448 δηλωθήσεται
964 2365 1053 2441 ὅπως
1085 2367 1226 2431 διέκειτο
1250 2362 1303 2430 ἐπὶ

156 2479 200 2554 τῷ
235 2469 399 2551 συμβάντι
428 2471 510 2533 κατά
540 2470 598 2533 τὸν
629 2469 761 2551 πατέρα,
792 2470 894 2557 Hipp.
919 2471 984 2537 215
1013 2469 1303 2555 ε’παναβέβηκενδ

157 2577 256 2657 λόγος
279 2572 332 2639 ἐπὶ
355 2577 392 2640 τὸ
415 2578 643 2658 μανικώτερον
658 2577 724 2660 ἅμα
740 2586 786 2663 τῷ
804 2578 917 2659 πάθει,
941 2578 987 2653 ὡς
1009 2578 1128 2642 λοιπὸν
1144 2575 1304 2661 σαφέστε-

157 2703 218 2762 ρον
251 2682 496 2762 δηλοῦσθαι
528 2684 587 2747 τὸν
610 2685 725 2767 ἔρωτα,
759 2681 869 2747 Prom.
896 2682 957 2747 193
981 2684 1056 2764 τὴν
1086 2683 1304 2749 ὑπόθεσιν

156 2787 425 2866 βοολόμενος
457 2788 631 2866 διδάξαι
661 2790 706 2853 τὸ
737 2792 972 2870 περίεργον
999 2798 1072 2852 τοῦ
1095 2788 1303 2869 γυναικά-

157 2891 259 2965 δους
294 2891 430 2972 ἤθους
480 2892 760 2975 προσέλαβεν.
818 2895 879 2957 οὐκ
913 2893 955 2956 tv
990 2894 1052 2975 yolo
1088 2893 1105 2958 ὁ
1139 2891 1305 2967 Ὠκεανὸς

157 2995 297 3078 ἠξίωσεν
335 2995 496 3079 ἐρωτῆσαι
537 2998 642 3072 εἰδώς.
701 2997 911 3063 Nominatim
946 3002 1060 3064 autem
1094 2997 1135 3062 de
1168 2995 1304 3085 prologi

158 3098 282 3166 Graeci
315 3100 440 3184 tragici
474 3101 609 3167 ratione
637 3110 738 3188 atque
772 3101 962 3168 oeconomia
985 3107 1098 3169 actum
1121 3112 1174 3168 est
1201 3100 1302 3168 schol.

157 3203 328 3270 Α1.ὑποθ.
342 3207 524 3287 δαιμονίως
540 3205 683 3289 εἰςφέρει
699 3229 751 3288 πρ
762 3212 910 3289 ολογίζ
919 3232 935 3271 ο
945 3225 1052 3273 υσαν
1067 3208 1128 3290 τὴν
1141 3207 1302 3290 Ἀθηνᾶν·

159 3308 379 3375 ἀπίθανον
402 3311 464 3393 γὰρ
488 3313 546 3376 τὸν
563 3317 692 3375 Αἴαντα
714 3315 878 3394 προῖόντα
902 3315 1008 3376 εἰπεῖν
1031 3310 1107 3394 περὶ
1129 3323 1196 3397 τῶν
1215 3312 1303 3398 αὑτςῖ

158 3414 410 3498 πεπραγμένων,
443 3417 553 3498 ὥσπερ
585 3415 797 3500 ἐξελέγχοντα
831 3416 959 3481 ἑαυτόν.
996 3415 1074 3482 οὐδὲ
1103 3419 1170 3501 μὴν
1193 3416 1304 3500 ἕτερός

158 3545 208 3596 τις
237 3521 398 3603 ἠπίστατο
433 3522 472 3585 τά
520 3532 665 3602 τοιαῦτα,
713 3522 749 3586 ἐν
794 3522 970 3609 ἀπορρήτῳ
992 3521 1046 3587 καὶ
1090 3524 1212 3599 νυκτὸς
1243 3531 1303 3588 τοῦ

160 3631 303 3701 Αἴαντος
334 3627 528 3708 δράσαντος.
567 3634 653 3692 θεοῦ
687 3623 749 3692 οὗν
774 3623 816 3710 ἦν
844 3629 880 3693 τὸ
914 3638 1070 3694 τοιοῦτον
1100 3630 1304 3712 διασαφῆσαι

158 3728 211 3793 καὶ
228 3735 369 3813 Ἀθηνᾶς
392 3731 643 3815 προκηδομένης
658 3743 718 3797 τοῦ
735 3733 927 3809 Ὀδυσσέως,
952 3731 996 3798 ad
1012 3731 1100 3819 quod
1116 3731 1305 3798 addendum

158 3834 244 3900 Phil.
271 3836 287 3899 1
313 3835 367 3901 καὶ
399 3838 487 3919 παρὰ
518 3842 624 3925 τούτῳ
656 3835 909 3920 προλογίζει
933 3837 1111 3913 Ὀδυσσεὺς
1138 3839 1228 3902 καθά
1250 3834 1303 3902 καὶ

159 3940 232 4022 παρ’
250 3941 428 4028 Εὐριπίδη,
454 3942 561 4007 ἐκεῖνο
584 3943 697 4025 μέντοι
722 3941 874 4025 διαφέρει
898 3943 974 4025 παρ’
992 3942 1074 4008 ὅσον
1089 3941 1107 4008 ὁ
1122 3940 1184 4025 μὲν
1201 3943 1304 4026 Εὐρι-

159 4048 258 4128 πίδης
280 4048 387 4112 πάντα
408 4057 453 4134 τῷ
471 4047 624 4112 Ὀδυσσεῖ
646 4052 869 4130 περιτίθησιν,
894 4044 992 4124 οὗτος
1015 4045 1051 4111 δὲ
1074 4049 1134 4112 τὸν
1156 4049 1304 4114 Νεοπτό-

160 4157 261 4235 λεμον
299 4153 510 4234 παρεισάγων
548 4154 604 4216 διὰ
630 4154 753 4217 τούτου
783 4155 1015 4236 οἰκονομεῖται,
1047 4151 1088 4217 cf.
1113 4150 1306 4218 Ρ110011.88

159 4258 198 4321 τά
220 4266 278 4339 τῆς
297 4256 463 4340 Ἰοκάστης
478 4257 514 4322 id
530 4268 583 4323 est
606 4257 771 4344 prologus
797 4258 1026 4342 παρελκόμενά
1049 4260 1113 4322 εἰσι
1129 4254 1184 4331 καὶ
1208 4254 1305 4323 ἕνεκα
