2946 4734
526 311 733 375 ,47-

53 496 175 563 turbati
208 513 314 558 meras
345 512 449 572 nugas
487 492 641 574 garriunt.
696 490 746 556 Sic
780 491 811 555 in
844 491 949 557 Plauti
979 491 1077 556 Persa
1111 510 1224 555 servus

54 616 170 662 amans
192 597 259 676 ipse
281 593 399 657 fatetur
419 613 449 656 v.
471 593 523 656 49.

171 702 172 705 “
250 708 358 764 Amoris
376 708 453 778 vitio,
473 727 529 764 non
547 726 616 773 meo,
635 725 708 763 nuno
724 707 778 762 tibi
797 706 951 777 morologus
969 707 1013 762 fio.

56 818 254 896 Quibuscum
276 835 342 880 non
359 814 532 898 discrepat,
554 814 641 897 quod
661 814 806 878 Tibullus
828 813 973 895 queritur
995 813 1022 876 ll
1041 814 1182 895 6‚17sq.

252 936 283 987 tu
302 933 429 988 misorum
449 936 569 1002 torques,
587 935 619 986 tu
637 949 680 987 me
699 929 768 985 mihi
788 930 848 985 dira
867 930 974 1000 precari

303 1020 378 1091 cogis
395 1024 424 1075 et
441 1020 539 1075 insana
556 1021 648 1075 mente
665 1018 787 1075 nefanda
803 1018 885 1086 loqui.

57 1127 104 1188 De
138 1127 315 1191 aniantium
350 1127 476 1208 ineptiis
508 1127 575 1206 agit
615 1126 712 1190 etiam
747 1124 888 1188 Achilles
919 1125 1031 1190 Tatius
1053 1125 1096 1190 VI
1136 1129 1180 1206 18,
1208 1128 1228 1191 2

59 1225 219 1305 διελέγετο
251 1224 368 1289 ἄλλοτε
402 1222 487 1290 ἄλλο
520 1226 651 1307 ῥήματα
684 1224 864 1288 σοιάπτωο
896 1223 954 1289 οὐκ
992 1227 1109 1306 ἔχοντα
1141 1231 1229 1306 roric,

57 1327 197 1387 τοιοῦτοι
218 1326 278 1406 γάρ
301 1323 332 1388 οἱ
352 1328 502 1406 ἐρῶιτες,
532 1322 613 1387 ὅταν
636 1326 718 1405 πρός
740 1326 902 1407 ἐρωμένας
924 1326 1085 1409 (nonomen
1106 1327 1229 1391 tutela

142 1443 216 1508 Noti
239 1448 347 1508 autem
376 1448 451 1533 sunt
473 1443 694 1508 adulescentes
716 1443 757 1507 illi
781 1443 932 1518 Plautini,
962 1444 1016 1526 qui
1038 1444 1229 1510 firmissimis

60 1543 330 1608 affirmationibus
342 1552 485 1608 arn'orem
498 1564 591 1609 suurn
604 1563 789 1607 asseverare
799 1543 914 1608 volunt
925 1547 1032 1626 atque,
1045 1545 1070 1608 si
1082 1546 1231 1610 maximis

59 1644 155 1724 nugis
188 1644 285 1707 dictis
314 1643 446 1708 tandem
488 1644 530 1708 ad
570 1642 667 1707 finem
702 1643 906 1730 iurisiurandi
945 1648 1118 1723 venerunt,
1152 1647 1230 1728 quid
1312 1686 1314 1690 -

60 1743 197 1809 locuturi
220 1744 351 1822 fuerint,
379 1745 535 1808 nesciunt.
580 1743 777 1821 Memineris,
800 1744 824 1806 si
848 1744 971 1825 placet,
995 1745 1116 1824 confusi
1138 1745 1231 1810 iuris·
1258 1770 1260 1775 ¹

62 1844 207 1923 iurandi,
229 1845 316 1927 quod
339 1845 460 1926 profert
479 1844 706 1924 Agorastocles
727 1843 758 1906 in
783 1843 926 1907 Poenulo
948 1844 1085 1925 lbsssq„
1117 1844 1232 1909 Mnesi-

62 1943 176 2015 locbus
211 1943 242 2007 in
272 1943 486 2008 Bacchidibus
515 1946 576 2008 503
601 1963 666 2024 sq.‚
703 1943 960 2007 Alcesimarchus
984 1934 1023 2007 *in
1053 1943 1236 2009 Cistellaria
1288 1965 1290 1968 ·

64 2043 127 2107 283
138 2063 185 2125 sq.
213 2046 245 2106 et
263 2044 383 2125 512sq.
423 2044 503 2108 Ecce
525 2043 719 2124 Meleagrum
744 2062 875 2124 quoque
891 2063 925 2106 se
947 2043 1044 2107 talem
1067 2044 1230 2124 garrulum

62 2147 242 2207 amatorem
268 2142 396 2208 finxisse
418 2143 628 2208 observamus
649 2142 772 2209 anthol.
796 2143 864 2207 Pal.
888 2143 914 2206 V
940 2144 1008 2223 182,
1022 2145 1122 2225 3sqq.
1135 2143 1158 2225 ¹)
1236 2173 1238 2176 ⁴

163 2259 300 2333 ἄγγειλον
318 2265 393 2332 τάδε,
413 2265 530 2339 Δορκάς·
551 2263 610 2321 ἰδοὺ
622 2266 691 2321 πάλι
709 2265 843 2342 δεύτερον
861 2264 933 2342 οὔτῇ

219 2354 265 2406 καὶ
284 2356 380 2426 τρίτον
399 2351 543 2425 ἄγγειλον,
562 2352 681 2426 Δορκάς,
700 2348 820 2424 ἅπαντα,
839 2354 927 2427 τρέχε·

162 2439 264 2510 μηκέτι
280 2441 374 2513 μέλλε,
393 2441 479 2495 πέτου
497 2473 530 2480 -
548 2439 635 2515 βραχύ
652 2461 711 2514 μοι,
730 2439 826 2516 βραχύ,
843 2442 959 2514 Δορκάς,
978 2439 1094 2515 ἐπίσχες.

217 2528 332 2602 Δορκάς,
351 2535 400 2582 ποῖ
415 2529 551 2596 σπεύδεις,
569 2533 636 2603 πρίν
657 2546 688 2583 σε
708 2524 741 2582 τὰ
760 2531 851 2583 πάντα
869 2535 991 2601 pedatu

180 2617 302 2687 πρόσθες
320 2610 358 2680 δ’,
377 2610 419 2676 οἶς
438 2617 536 2689 εἴρηκα
555 2618 641 2670 πάλαι
662 2647 695 2657 -
713 2616 820 2689 μᾶλλον
839 2615 869 2670 δὲ
889 2619 927 2680 (τί
944 2616 1043 2690 ληρῶ;)

217 2697 394 2773 perdivites
413 2703 492 2774 εἴπης
511 2734 542 2743 -
562 2699 618 2757 ἄλλ’
637 2698 681 2759 ὅτι
700 2733 734 2744 --
751 2706 842 2758 πάντα
862 2703 935 2774 λέγε.

164 2785 202 2860 μὴ
223 2790 321 2856 φείδου
340 2786 374 2843 τὰ
394 2785 505 2844 ἅπαντα
524 2793 627 2861 λέγειν.
648 2793 741 2844 καίτοι
760 2793 787 2844 τί
804 2810 843 2858 σε,
862 2789 981 2862 Δορκάς,

218 2873 363 2949 imapum
382 2874 432 2932 σὺν
450 2879 493 2932 σοὶ
512 2874 620 2944 caricis,
640 2877 709 2948 idol,
727 2881 866 2952 προάγων.

66 2983 263 3064 Meleagrum
288 2984 340 3049 hic
368 3004 472 3049 novae
501 2984 688 3050 comoediae
718 2988 910 3050 sectatorem
932 2985 1081 3050 exsistere
1103 2989 1236 3068 propter

68 3102 262 3147 consensum
296 3084 402 3149 Plauti
434 3084 545 3167 negari
578 3085 632 3149 rix
662 3088 778 3168 potest.
850 3084 1103 3150 Innumerabiles
1133 3104 1239 3167 paene

66 3182 164 3261 locos,
187 3183 304 3266 quibus
321 3184 468 3249 homines
487 3185 647 3250 amatorio
663 3185 776 3249 morbo
791 3184 902 3250 afflicti
917 3185 1067 3262 furentes,
1084 3188 1238 3263 amentes

68 3283 176 3348 miseri
200 3288 367 3362 vocantur,
387 3286 569 3350 adscribere
592 3285 819 3368 supersedeam
840 3289 872 3349 et
894 3304 990 3363 nunc,
1013 3286 1176 3366 quomodo
1197 3305 1239 3348 ne

70 3383 196 3464 corpori
219 3384 348 3466 quidem
372 3389 486 3467 parcat
509 3385 560 3450 hic
583 3386 724 3463 morbus,
748 3385 887 3449 breviter
908 3384 1132 3466 perstringam.

151 3502 308 3567 Amantes
325 3503 420 3583 igitur
442 3507 474 3567 et
493 3503 527 3566 in
549 3503 665 3567 fabulis
687 3507 718 3567 et
740 3503 772 3566 in
792 3501 888 3583 elegis
903 3506 1069 3583 aegrotam
1093 3506 1125 3566 et
1147 3503 1240 3584 palli-

69 3601 145 3665 dam
170 3601 283 3665 faciem
307 3602 474 3666 ostendere
496 3603 607 3667 solent.
652 3603 763 3685 ltaque
784 3602 860 3666 dicit
882 3601 1015 3665 Ovidius
1037 3607 1096 3665 art.
1119 3603 1213 3666 1729
1242 3611 1244 3615 '

268 3719 371 3788 palleat
389 3719 477 3773 omnia
495 3722 604 3775 amans!
624 3720 668 3774 hio
687 3723 729 3774 est
745 3720 820 3773 color
840 3722 921 3788 aptus
940 3718 1056 3773 amanti.

70 3823 132 3916 Vix
156 3842 276 3904 operae
296 3824 435 3905 pretium
460 3829 508 3889 est
523 3826 662 3907 reliquos
677 3846 789 3890 omnes
807 3826 902 3903 locos,
925 3824 1035 3906 quide
1057 3823 1238 3887 amantium

143 4075 171 4141 l)
190 4070 230 4128 Cf.
250 4073 310 4137 Leo,
330 4075 450 4128 Plautia.
469 4075 576 4130 Forsch.
596 4094 623 4145 p.
643 4075 702 4142 136,
716 4077 737 4128 l.
