2946 4734
634 360 675 369 -
717 327 837 389 66...

153 498 305 578 hauserit,
325 499 523 564 confidenter
538 502 643 566 dicere
654 509 825 584 possumus
839 503 956 567 similes
971 504 1184 585 elegiacorum
1196 502 1316 567 Roma-

146 619 262 664 norum
293 601 379 663 locos
410 599 526 663 iterum
557 621 596 666 ex
617 603 724 667 Attica
753 601 918 666 comoedia
947 603 1075 668 fluxisse
1097 623 1155 686 per
1176 603 1316 667 Alexan·

148 701 256 765 drinos
285 703 406 780 poetas.
461 699 672 764 Consentiunt
709 707 816 765 autem
856 721 929 765 cum
962 702 1077 767 Plauto
1112 707 1144 767 et
1176 703 1317 767 Lucieno

147 803 275 882 praeter
294 797 399 862 Ovidii
420 798 525 862 locum
549 801 646 864 modo
669 801 835 866 laudatum
858 800 891 865 hi
913 802 994 866 tere:

181 913 284 967 rreum
302 912 315 966 1
334 914 358 977 5,
369 914 403 968 47
974 977 980 987 ,

296 999 364 1053 haec
381 1015 497 1053 nocuere
514 999 592 1068 mihi,
612 999 685 1068 quod
708 1001 784 1054 adest
801 1000 865 1055 huic
883 1000 959 1056 dives
978 1003 1100 1057 amator!

184 1102 262 1156 Ovid.
283 1119 367 1156 amor.
386 1101 427 1155 III
439 1101 464 1164 8,
475 1104 491 1155 9
501 1119 541 1170 sq.

295 1205 356 1242 ecee
374 1205 467 1243 recens
485 1187 559 1243 dives
577 1190 657 1257 parto
674 1204 724 1257 per
743 1188 856 1243 vulnera
874 1206 953 1243 censu

345 1274 500 1344 praefertur
518 1272 597 1326 nobis
616 1273 748 1344 sanguine
766 1279 859 1345 pastus
878 1292 968 1345 eques.

151 1379 362 1460 Respondent
384 1379 499 1442 deinde
522 1379 764 1461 quodammodo
786 1380 968 1446 Phaedriae
999 1383 1105 1446 verbis
1126 1346 1160 1447 in
1180 1383 1318 1447 Terentii

150 1478 308 1543 Eunucho
333 1480 391 1542 159
412 1477 481 1558 ‘ego
503 1479 664 1556 excludor,
687 1479 739 1543 ille
760 1481 924 1562 recipitur‘
945 1481 1105 1564 Propertii
1126 1483 1152 1547 ll
1169 1485 1229 1557 at
1250 1482 1320 1551 iiste

152 1579 239 1661 quod
263 1584 319 1656 est,
343 1598 402 1658 ego
424 1596 520 1658 saepe
542 1577 604 1641 fui'.
649 1579 773 1656 Quibus
795 1581 884 1645 haud
905 1582 1013 1664 inepte
1036 1583 1274 1664 adiungantur:

194 1695 283 1748 Plaut.
302 1691 408 1746 Trucul.
428 1691 478 1744 732
489 1708 545 1759 sqq.

153 1796 209 1833 non
228 1797 279 1848 ego
298 1796 370 1833 nunc
385 1779 459 1832 intro
478 1778 511 1832 ad
532 1793 579 1830 vos
596 1776 714 1831 mittar?
753 1780 825 1832 Ast:
852 1777 967 1847 quidum
986 1797 1070 1848 quam
1089 1777 1166 1835 miles
1184 1779 1295 1850 magis?

153 1865 232 1920 Dim:
257 1865 323 1934 quia
340 1865 414 1920 enim
432 1866 493 1935 plus
511 1864 581 1919 dedi.
620 1865 694 1917 Asa:
718 1866 777 1930 plus
791 1865 866 1918 enim
880 1883 907 1919 es
920 1865 1099 1935 intromissus,
1118 1883 1203 1935 quom
1222 1867 1321 1921 dabas:

153 1952 211 2007 sine
230 1951 347 2006 vicissim
365 1951 413 2019 qui
431 1952 508 2019 dant,
528 1951 563 2004 ob
582 1950 658 2018 illud,
679 1951 751 2018 quod
771 1951 945 2021 dantoperis
964 1952 1044 2022 utier,

188 2060 216 2111 et
234 2056 323 2109 Plaut.
344 2055 451 2109 Trucul.
470 2055 570 2122 234sq.

153 2143 219 2197 dum
237 2143 347 2211 habeat,
365 2142 431 2196 dum
449 2130 537 2204 amet;
557 2141 605 2195 ubi
623 2141 662 2194 nil
681 2141 792 2209 habeat,
812 2141 897 2195 alium
916 2145 1060 2209 quaestum
1078 2139 1198 2211 coepiat.

154 2248 241 2299 aequo
260 2230 360 2293 animo,
379 2229 436 2298 ipse
456 2228 478 2282 si
497 2228 536 2281 nil
556 2227 667 2289 habeat,
687 2229 747 2282 aliis
766 2228 814 2297 qui
831 2228 944 2292 habent,
963 2227 1011 2281 det
1029 2229 1127 2297 locum,

192 2338 251 2388 tum
272 2335 351 2403 Prop.
371 2333 396 2385 11
419 2332 531 2401 raesq

357 2419 463 2484 deinde,
483 2418 531 2471 ubi
550 2421 710 2485 consumpto
729 2413 844 2469 restabit
862 2432 974 2469 munere
991 2430 1103 2484 pauper,

407 2505 450 2559 dio
469 2503 538 2558 alias
556 2504 656 2558 iterum
676 2502 789 2571 naviget
808 2501 923 2570 Illyrias.

155 2609 267 2690 Neque
290 2609 495 2689 anthologiae
513 2607 681 2671 Palatinae
704 2610 819 2687 poetae
841 2625 901 2669 nos
918 2605 1014 2686 piane
1035 2605 1224 2683 destituunt,
1247 2624 1322 2669 nam

156 2711 282 2774 Marcus
305 2709 516 2789 Argentarius
539 2709 649 2772 scribit
670 2707 791 2770 anthol.
815 2706 882 2769 Pal.
907 2705 932 2767 V
958 2706 1015 2768 113

352 2802 478 2879 ἠράσθης
495 2805 621 2859 πλυυτῶν
640 2806 823 2877 Σωσίκρατες.
854 2799 921 2855 ἀλλὰ
941 2803 1027 2873 πένης
1043 2799 1081 2855 ὥν

407 2888 495 2945 οὐκέτ’
516 2890 588 2963 ἐρᾷς
607 2888 688 2963 λιμὸς
706 2886 857 2963 φάρμακον
875 2884 934 2943 οἷον
954 2889 1018 2963 ἔχει.

354 2973 369 3049 ἦ
387 2979 416 3031 δὲ
431 2973 521 3050 πάρος
536 2998 567 3031 σε
581 2979 701 3032 καλεῦσα
719 2973 810 3049 μύρον
830 2979 877 3030 καί
893 2972 1013 3047 τερπνὸν
1022 2973 1133 3028 Ἄδωνιν

406 3066 557 3136 Μηνοφίλα
583 3064 634 3117 νῦν
653 3085 701 3118 σου
721 3063 845 3136 τοῦνομα
864 3058 1042 3116 πυνθάνεται
1061 3079 1116 3130 eqo.

158 3168 258 3232 Porro
275 3170 306 3232 in
319 3171 459 3233 Terentii
477 3170 634 3234 Eunucho
657 3171 816 3234 exclamat
829 3168 1000 3245 Phaedria,
1022 3186 1096 3231 cum
1118 3167 1176 3230 sibi
1195 3165 1324 3229 divitem

159 3269 289 3331 militem
314 3270 465 3350 praeferri
488 3274 588 3351 putet,
611 3291 641 3334 V.
658 3272 695 3334 91
714 3291 783 3351 sqq.

493 3385 509 3422 ο
528 3369 620 3436 Thais,
640 3368 732 3432 Thais,
751 3367 859 3421 utinam
878 3370 947 3420 esset
965 3364 1035 3417 mihi

355 3474 418 3526 pars
436 3474 526 3525 aequa
544 3456 645 3510 amoris
664 3459 754 3509 tecum
775 3454 931 3524 aopariter
949 3453 1034 3520 fieret,

355 3545 386 3595 ut
405 3546 454 3596 aut
473 3542 525 3596 hoo
544 3541 596 3595 tibi
616 3542 720 3597 doleret
738 3541 835 3596 itidem
854 3543 886 3594 ut
904 3539 973 3593 mihi
991 3538 1072 3603 dolet,

354 3633 404 3685 aut
422 3646 474 3698 ego
493 3630 562 3682 istuc
580 3630 628 3683 abs
646 3632 675 3682 te
694 3629 797 3683 factum
816 3627 866 3680 nili
885 3626 1045 3695 penderem!
1092 3614 1095 3620 ’

160 3736 299 3815 Eiegiaci
322 3754 451 3816 quoque
464 3734 753 3797 Alexandrinorum
777 3739 808 3796 et
824 3734 1047 3795 Romanorum
1068 3733 1184 3812 poetae
1205 3732 1328 3812 optant,

162 3839 197 3897 ut
220 3836 347 3916 utrique
369 3835 493 3898 amanti
520 3855 642 3917 aequus
666 3840 698 3898 et
719 3839 850 3898 mutuus
873 3853 965 3897 amor
987 3833 1037 3909 sit,
1060 3831 1207 3912 perlegas
1228 3831 1330 3896 enim:

196 3950 297 4004 Tibult.
318 3950 355 4003 IV
375 3951 399 4019 5,
414 3949 446 4002 13
461 3967 501 4017 sq.

355 4059 405 4096 neo
421 4046 454 4096 tn
473 4043 509 4095 sis
527 4042 637 4108 iniusta,
662 4041 767 4096 Venus:
787 4039 830 4093 vel
848 4036 951 4090 serviat
970 4052 1056 4105 aeque

410 4128 516 4183 vinctus
535 4133 651 4199 uterque
667 4127 728 4196 tibi,
748 4126 790 4180 vel
809 4141 870 4178 mea
888 4123 978 4178 vincla
995 4125 1064 4177 leva.
