2946 4734
805 239 847 304 34

308 419 412 505 ψυχαὶ
433 419 462 481 δ’
484 418 632 500 άσεβέιον
657 418 847 500 ιῖποειράνιοι

301 524 378 603 γαίᾳ
401 521 566 580 ποτῶνται
592 519 627 580 εἰ·
649 514 763 598 ἄλγεσι
786 522 907 600 (ιονίοις

301 619 368 682 δπδ
390 617 526 698 ζειίγλοις
546 617 702 700 ἀφύκτοις
722 620 839 679 κακῶν·

302 719 463 802 εὐσεβέων
486 718 515 780 δ’
536 717 725 798 δπονράνιοι
750 722 891 781 ναίοισαι

241 825 269 885 εἰ.
302 821 443 900 μολπαῖς
461 819 594 900 μάκαρα
612 826 714 899 μέγαν
734 818 875 880 άείδοντ’
897 819 932 880 ἐν
952 814 1072 898 ὕμνοις.

244 938 277 1001 tn
300 938 434 1019 epinirio
457 937 571 1001 deiude
591 936 677 1018 quod
705 936 890 1016 conscripsit
912 936 952 999 ad
980 937 1205 1000 celebrandum
1227 937 1410 1005 Theronenr

244 1037 485 1119 Agrigentinum
524 1035 583 1117 (01,
601 1035 650 1113 ΙΙ),
681 1035 837 1098 Pindarus
866 1034 966 1099 muita
995 1037 1112 1117 profert
1142 1039 1354 1104 consolatoria
1380 1046 1412 1106 et

243 1141 466 1218 argumentum
488 1136 527 1198 Vi
550 1135 641 1218 quasi
671 1134 822 1215 exemplis
853 1135 1005 1198 illustrat:
1032 1138 1150 1217 gaudia
1181 1140 1324 1206 cladibus
1356 1165 1413 1227 op-

244 1257 353 1319 pressa
374 1237 515 1301 reditura
538 1255 605 1298 esse
629 1235 757 1297 fortuna
778 1234 907 1298 meliore
929 1233 990 1316 (ep.
1012 1235 1052 1317 1),
1074 1239 1159 1319 quod
1183 1245 1414 1323 comprobatur

245 1335 389 1417 exempto
411 1334 550 1399 Semeles
574 1352 658 1415 quae
685 1353 883 1417 quamquam
912 1335 993 1398 iovis
1021 1337 1151 1403 fulmine
1180 1343 1219 1404 sit
1248 1344 1414 1413 interfecta

245 1438 327 1501 inter
349 1437 425 1500 deos
447 1435 622 1498 honoretur
644 1432 711 1514 (su.
725 1431 766 1513 Ξῖ),
789 1438 819 1497 et
840 1434 913 1497 Inus
933 1456 1016 1516 quae
1036 1438 1137 1502 multa
1157 1442 1242 1505 rnala
1266 1465 1413 1527 perpessa

247 1539 327 1601 inter
347 1534 496 1599 Nereides
521 1537 663 1597 versetur
692 1537 770 1611 (ant.
788 1531 837 1614 ⁰2);
867 1535 934 1597 fata
963 1534 1143 1602 hominibus
1172 1542 1250 1606 dare
1279 1545 1414 1612 invioem

248 1638 333 1700 bona
356 1638 387 1699 et
407 1633 491 1698 mala
515 1632 575 1714 (ep.
599 1631 648 1714 ⁶2);
680 1632 724 1695 ita
753 1653 791 1696 ex
820 1633 935 1697 infelici
961 1633 1175 1702 Cadmeorurn
1202 1647 1295 1720 gente
1325 1649 1413 1712 ortas

247 1755 313 1798 esse
335 1733 525 1816 propagines
546 1732 724 1795 fortunatas
746 1731 813 1814 (str.
825 1732 875 1813 3),
897 1753 981 1817 quae
1000 1754 1142 1802 summos
1157 1740 1292 1823 adeptae
1310 1751 1415 1811 essent

248 1836 393 1909 honores,
415 1835 496 1896 sieut
509 1831 626 1907 Thero,
648 1851 745 1913 quern
758 1836 878 1904 monet,
901 1853 940 1896 ne
960 1837 1140 1916 superbiat3
1161 1859 1239 1903 nam
1253 1843 1329 1907 vitia
1343 1849 1415 1927 post

247 1938 383 1997 mortem
404 1932 551 2014 punitum
575 1932 611 1994 iri
641 1931 719 2013 (ant.
740 1933 759 1994 3
781 1936 813 1995 et
833 1952 881 2014 ep.
898 1933 941 2013 3),
968 1936 1100 2000 virtutes
1121 1944 1227 2002 autern
1255 1941 1415 2020 decorari;

251 2039 281 2098 et
300 2033 468 2096 beatorum
493 2031 610 2112 gaudia
632 2031 793 2112 praeclare
815 2031 965 2096 illustrat:

309 2165 380 2228 ἴσον
404 2165 441 2226 δὲ
461 2163 635 2228 νύκτεσσιν
655 2162 729 2242 αἰεί,
1242 2177 1316 2254 Στρ,
1334 2173 1371 2237 δ’,

311 2264 368 2327 ἴσα
391 2264 419 2325 δ’
441 2265 477 2326 ἐν
499 2263 633 2344 ἁμέραις
654 2263 763 2325 α’έλιον
785 2264 912 2341 ἔχοντες
932 2263 1155 2346 ἀπονέστερον

311 2362 399 2426 ἐσλοὶ
416 2362 564 2424 δέκονται
583 2365 703 2442 βίοτον,
727 2361 765 2423 οδ
784 2360 897 2440 χθόνα
917 2362 1138 2443 ταράσσοντες
1161 2366 1197 2428 ἐν
1209 2367 1302 2450 χερδς
1323 2369 1416 2456 άκμρῖ

314 2461 391 2524 οὐδὲ
414 2460 549 2524 πόντιον
566 2457 653 2538 ὕδωρ

310 2562 421 2623 κεινάν
444 2560 536 2642 παρά
558 2561 697 2622 δίαιταν·
719 2559 803 2622 άλλά
826 2560 919 2639 παρά
940 2564 1002 2640 μὲν
1020 2565 1135 2643 τιμίοις

311 2663 411 2738 θεῶν,
434 2657 549 2732 οἵτινες
569 2661 697 2740 ἔχαιρον
721 2656 886 2738 εὐορκίαις,

314 2754 460 2835 ἄδακρυν
482 2766 634 2838 νέμονται

312 2856 425 2919 αἰῶνα·
448 2856 498 2918 τοὶ
519 2856 548 2918 δ’
568 2855 801 2937 α’προσόρατον
822 2856 965 2935 ὀκχέοντι
989 2855 1100 2920 πόνον.

1236 2957 1314 3023 Ἆιτ.
1336 2960 1374 3025 δ’.

317 3052 388 3118 ὅσοι
411 3055 440 3116 δ’
462 3054 651 3134 ἐτόλμασαν
673 3055 772 3136 ε’ςτρὶς

317 3153 495 3235 ἑκατέρωθι
517 3158 686 3233 μείναντες
708 3154 778 3216 άπδ
799 3154 946 3234 πάμπαν·
966 3154 1088 3215 α’δίκων
1109 3158 1194 3233 ἒχειν

318 3252 440 3340 ψυχάν,
470 3251 597 3315 ἔτειλαν
619 3252 694 3324 Διὸς
727 3252 807 3315 ὁδόν
835 3252 928 3333 παρά
956 3251 1080 3334 Κρόνον
1107 3252 1227 3335 τύρσιν·
1252 3257 1339 3318 ἔνθα
1358 3279 1419 3337 μα-

990 3351 1098 3434 κάριον

314 3455 414 3523 νᾶσος
436 3450 607 3522 ω’κεανίδες

314 3539 409 3630 αὖραι
432 3558 663 3629 περιπνέοισιν·
686 3546 823 3631 άνίιεμα
845 3551 882 3613 δὲ
903 3553 1026 3632 χρυσοῦ
1043 3551 1160 3632 φλέγει,

312 3649 354 3711 τά
376 3653 436 3728 μὲν
456 3655 619 3730 χέρσοδεν
646 3649 707 3712 άπ’
728 3650 857 3730 άγλαοῖν
879 3650 1050 3731 δενδρέων,

313 3744 400 3828 ὕδωρ
419 3747 448 3808 δ’
469 3744 556 3811 άλλα
578 3753 698 3830 φέρβει,

315 3845 442 3929 ὅρμοισι
462 3851 527 3911 τῶν
546 3857 641 3929 χέρας
664 3847 882 3911 άναπλέκοντι
902 3850 956 3911 καὶ
980 3847 1124 3930 κεφαλάς

728 3951 732 3959 ’
1256 3945 1326 4008 Ἐπ.
1347 3945 1377 4009 δ.

314 4044 446 4125 βουλαῖς
464 4043 500 4107 ἐν
517 4043 655 4125 ὀρθαῖσι
676 4043 926 4123 Ῥαδαμάνθυος
946 4043 1013 4109 κτλ.
