2946 4734
701 377 902 441 -1g..

216 556 314 620 modo
343 555 376 618 hi
402 555 472 620 illos
500 555 600 620 secuti
630 556 702 621 sint.
754 556 886 621 Relictis
914 557 1011 637 igitur
1039 555 1106 620 deis
1134 554 1176 619 ad
1198 553 1385 619 homines

215 659 404 720 amantes
434 656 688 737 progrediamur.
732 656 838 720 Plauti
861 657 945 720 enim
979 659 1010 720 et
1032 655 1173 720 Terentii
1194 655 1309 736 viginti
1328 673 1383 717 sex

214 755 360 834 fabulae,
394 775 479 838 quae
506 755 599 819 nobis
623 759 771 819 servatae
794 760 887 831 sunt,
927 776 1040 820 onmes
1071 759 1199 837 praeter
1231 754 1385 836 Captivos

215 855 362 919 homines
395 860 543 919 amantes
576 855 608 918 in
641 874 769 918 scenam
804 856 997 937 producunt.
1047 856 1082 919 In
1119 855 1242 919 maiore
1275 858 1383 918 autem

215 955 397 1020 fabularum
428 960 521 1038 parte
552 955 734 1036 argumenti
767 975 894 1019 summa
918 957 984 1019 fere
1004 956 1085 1019 haec
1107 958 1171 1028 est,
1204 959 1241 1020 ut
1263 954 1386 1019 iuvenis

216 1054 349 1136 quidam
371 1055 457 1118 bono
477 1073 594 1135 genere
616 1057 707 1118 ortus
727 1055 928 1118 meretricem
952 1058 1048 1131 amet,
1071 1073 1170 1136 quam
1195 1053 1308 1117 multis
1328 1053 1387 1117 im·

216 1154 407 1235 pedimentis
430 1154 460 1217 vi
484 1158 515 1217 et
537 1154 611 1218 dolo
635 1155 793 1235 superatis
815 1155 947 1218 tandem
978 1155 1046 1217 sive
1075 1154 1180 1218 lenoni
1204 1154 1273 1218 sive
1294 1155 1388 1218 rivali

217 1253 340 1335 eripiat.
383 1253 524 1330 Puellae,
546 1272 631 1334 quae
653 1253 686 1316 in
708 1254 883 1317 comoediis
904 1257 1065 1332 amantur,
1089 1272 1210 1335 magna
1232 1273 1272 1317 ex
1294 1257 1388 1336 parte

216 1353 467 1417 meretrices
488 1356 572 1429 sunt,
593 1372 670 1416 nam
693 1353 781 1434 apud
796 1352 947 1416 Plautum
968 1353 1170 1417 solummodo
1192 1352 1225 1416 in
1251 1353 1388 1435 Amphi-

216 1458 349 1529 truone,
372 1451 557 1529 Aulularia,
579 1451 712 1528 Casina,
735 1452 934 1529 Trinummo,
968 1450 1093 1528 Sticho,
1116 1451 1277 1534 CaptiviS,
1301 1454 1388 1535 apud

216 1551 403 1615 Terentium
420 1551 452 1615 in
464 1551 658 1615 Phormione
672 1552 759 1614 nulla
777 1553 926 1615 meretrix
942 1556 1117 1633 comparet.
1150 1553 1266 1634 Itaque
1282 1552 1388 1617 Plauti

218 1656 250 1716 et
263 1651 405 1715 Terentii
428 1651 565 1728 fabulae,
589 1670 661 1714 cum
679 1651 787 1714 Attica
810 1651 1006 1732 exemplaria
1028 1652 1061 1714 in
1082 1651 1226 1732 linguam
1238 1650 1388 1716 Latinam

219 1750 449 1827 transtulerint,
472 1749 566 1813 nobis
588 1769 717 1813 omnem
741 1751 1024 1828 consuetudinem,
1046 1769 1146 1832 quam
1167 1749 1391 1816 adulescentes

220 1851 433 1915 Athenienses
460 1870 532 1914 cnm
557 1851 778 1914 meretricibus
801 1850 983 1927 habebant,
1013 1854 1090 1914 ante
1119 1849 1229 1915 oculos
1252 1856 1389 1932 ponunt.

222 1953 366 2033 Itemque
387 1951 483 2013 rebus
506 1951 687 2028 amatoriis,
711 1951 750 2013 de
773 1951 890 2031 quibus
911 1950 1045 2029 Tibulli,
1078 1948 1254 2033 Propertii,
1285 1951 1390 2016 Ovidii

222 2050 365 2114 carmina
388 2054 504 2130 agunt,
536 2051 647 2113 subest
678 2069 754 2113 usus
776 2054 807 2113 et
835 2049 1082 2126 commercium,
1111 2050 1200 2131 quod
1223 2050 1393 2115 iuvenibus

222 2150 384 2213 nobilibus
407 2169 481 2213 cum
505 2150 727 2213 meretricibus
751 2152 838 2225 erat,
868 2149 925 2212 sed
947 2150 1088 2231 ipsorum
1111 2153 1300 2231 poetarum,
1329 2170 1391 2215 non

223 2249 357 2312 aliorum
399 2249 550 2312 iuvenum
592 2269 717 2312 amores
758 2250 809 2313 hic
852 2253 1053 2313 enarrantur.
1113 2250 1222 2332 Atque
1257 2250 1392 2328 Deliam,

223 2348 398 2425 Neaeram,
421 2346 604 2429 Cynthium,
637 2348 810 2412 Corinnam
834 2348 867 2411 in
889 2349 985 2430 elegis
1008 2348 1097 2412 haud
1120 2348 1213 2413 aliter
1232 2355 1395 2415 amatores

224 2448 406 2524 excludere,
428 2448 579 2530 spoliare,
603 2448 731 2513 eludere
753 2453 851 2530 atque
873 2467 989 2512 avaras
1011 2449 1195 2513 meretrices
1218 2450 1395 2514 Athenien-

224 2547 306 2611 sium
328 2547 361 2610 in
384 2547 558 2610 comoediis
574 2551 686 2629 postea
701 2547 890 2610 videbimus.
934 2547 1026 2611 Nunc
1045 2567 1121 2612 vero
1138 2548 1292 2630 primum,
1317 2570 1396 2632 quo·

226 2647 322 2710 modo
354 2646 451 2710 facies
479 2650 510 2710 et
538 2647 745 2728 pulchritudo
776 2652 906 2710 amatae
936 2647 1062 2727 puellae
1091 2647 1179 2729 apud
1202 2649 1345 2714 comicos
1366 2654 1396 2713 ct

226 2745 382 2825 elegiacos
403 2749 516 2826 poetas
538 2746 741 2827 depingatur,
763 2746 902 2810 breviter
923 2748 1137 2811 adumbrabo.

309 2845 489 2908 Audiamus
512 2865 587 2924 ergo
610 2850 771 2908 amatores
793 2845 896 2926 ipsos,
930 2846 985 2927 qui
1008 2846 1146 2910 amicam
1169 2867 1264 2911 suam
1287 2865 1399 2912 omnes

228 2945 1399 3027 aliasmulierespulchritudinelongesuperarecontenderesolent:

266 3044 353 3097 Plaut.
373 3046 481 3097 Mercat.
505 3044 548 3096 101
563 3061 602 3111 sq.

725 3147 786 3184 ecce
804 3131 838 3184 ad
857 3147 901 3184 me
920 3130 1033 3184 advenit

388 3217 492 3281 mulier,
512 3235 566 3285 qua
584 3217 682 3272 mulier
701 3217 782 3271 aliast
799 3218 875 3271 nulla
892 3217 1038 3286 pulchrior.

266 3305 375 3361 Terent.
395 3304 519 3359 Andriae
539 3306 588 3358 189
598 3323 656 3373 sqq.

575 3392 647 3446 forte
665 3410 748 3445 unam
768 3391 869 3461 aspicio
889 3393 1120 3447 adulescentulam

422 3479 586 3535 formoso:
606 3480 679 3533 bona
696 3480 819 3533 fortasse.
857 3479 908 3533 Si:
927 3483 956 3534 et
974 3481 1058 3548 voltu,
1078 3479 1163 3549 Sosia,

423 3569 490 3622 adeo
509 3567 639 3636 modesto,
658 3566 727 3621 adeo
746 3571 868 3631 venusto,
890 3569 923 3620 ut
940 3567 979 3620 nil
999 3585 1089 3636 supra.

269 3657 349 3709 Plaut
379 3656 489 3710 Poenul.
509 3655 575 3708 1193

389 3744 458 3796 sicut
476 3760 525 3795 nos
544 3741 624 3796 hodie
642 3740 715 3795 inter
734 3740 803 3794 alias
821 3738 1009 3808 praestitimus
1028 3737 1241 3807 pulchritudine.

269 3832 379 3885 Terent.
401 3831 521 3883 liunucb.
541 3830 591 3882 296
603 3846 642 3896 sq.

304 3936 319 3971 o
339 3918 442 3972 faciem
461 3916 619 3986 pulchram!
640 3915 716 3968 deleo
735 3927 828 3966 omnes
847 3909 946 3963 dehinc
964 3926 996 3962 ex
1012 3908 1105 3962 animo
1118 3906 1260 3963 mulieres:

304 4007 397 4060 taedet
415 4004 627 4060 cottidianarum
646 4002 744 4055 harum
763 3999 922 4053 formarum.

235 4113 357 4175 Similia
380 4116 488 4174 autem
512 4111 639 4172 exstant
659 4106 746 4187 apud
770 4102 972 4183 Propertium
996 4105 1027 4165 et
1044 4100 1194 4165 Ovidium
1217 4104 1248 4164 et
1266 4098 1404 4163 Graecos

236 4211 526 4276 Alexandrinorum
550 4208 743 4271 imitatores:
