2946 4734
735 216 777 281 44

166 390 406 470 applicaverint.
450 395 654 477 Quamquam
677 415 715 459 ea
739 415 822 477 quae
843 396 935 459 nobis
954 398 1079 458 servata
1100 397 1183 469 sunt,
1213 392 1335 455 lamen·

166 489 321 552 tationem
347 494 483 557 niaxime
504 497 677 575 proterunt,
699 499 806 557 tamen
829 514 893 557 non
918 495 1032 557 desunt
1054 492 1269 586 consolatoria.

253 622 280 684 1.
313 624 377 687 lam
409 624 459 688 ille
477 631 591 706 poeta,
625 646 720 708 quem
754 627 852 690 secuti
881 629 955 691 suut
977 624 1182 689 Alexandrini
1214 624 1335 687 Anti-

166 723 335 786 machus
366 721 598 806 Colophonius,
631 725 686 807 qui
717 725 822 789 minus
854 725 1024 788 excellebat
1056 725 1180 804 ingenio
1210 723 1334 804 poetico

167 840 265 901 quam
297 841 422 886 summa
454 825 595 888 doctrina
624 845 688 907 qua
719 825 861 889 carmina
890 844 947 887 sua
974 824 1169 900 exornabat,
1204 837 1334 886 carmen

169 920 347 1000 composuit
371 921 554 1001 elegiacum,
577 925 625 988 cui
649 924 805 1006 inscripsit
827 924 941 1006 Lyde.
953 921 974 1005 ¹)
1011 923 1080 999 Quo
1101 924 1241 985 carmine
1263 940 1335 1002 per·

171 1018 276 1083 mullis
297 1021 565 1085 int'ortunatorum
587 1024 764 1087 amantium
779 1023 913 1086 historiis
928 1023 1068 1102 undique
1083 1022 1220 1085 collectis
1239 1039 1332 1083 suum

169 1119 265 1200 ipsius
287 1120 426 1183 dolorem
444 1121 564 1185 studuit
588 1122 691 1185 lenire.
736 1122 790 1186 Est
816 1121 910 1200 igitur
933 1122 1011 1185 haec
1035 1122 1130 1184 series
1152 1121 1334 1183 tabularum

170 1217 260 1299 quasi
282 1218 454 1283 consolatio
476 1240 533 1300 per
562 1222 716 1303 exempla.
759 1220 851 1299 Quod
880 1240 1008 1284 carmen
1039 1239 1237 1303 quamquam
1266 1239 1335 1283 om·

168 1317 256 1380 nium
290 1320 352 1381 iere
383 1322 525 1382 veterum
558 1320 673 1384 iudicio
710 1320 789 1384 veris
821 1319 987 1383 affectibus
1013 1320 1142 1383 carebat
1169 1325 1198 1382 et
1229 1321 1335 1383 minus

169 1421 281 1498 aptum
305 1421 373 1481 erat
396 1418 435 1480 ad
457 1420 720 1483 commovendam
745 1418 981 1482 miserationem
1014 1423 1120 1482 tamen
1143 1419 1184 1481 ad
1206 1419 1335 1482 imitan-

170 1517 245 1580 dum
269 1516 329 1579 sihi
350 1522 584 1599 proposuerunt
604 1523 715 1599 postea
738 1519 1068 1601 poetaAelexandrini
1090 1518 1123 1582 in
1146 1539 1180 1582 re
1203 1520 1334 1582 metrica

170 1623 200 1680 et
225 1616 371 1680 oratoria.
413 1617 495 1680 Nam
518 1617 820 1683 Hermesianax
841 1616 1056 1700 Colophonius
1084 1623 1147 1682 tres
1176 1618 1244 1681 illos
1272 1618 1335 1683 ele·

169 1717 291 1797 giacum
316 1715 420 1792 libros,
444 1716 560 1800 quibus
579 1717 736 1799 inscripsit
756 1715 924 1795 Λεόντιον,
946 1717 1036 1781 simili
1058 1717 1334 1797 argumentatione

168 1815 351 1879 instruxisse
364 1813 533 1898 viderunt),
557 1815 701 1897 (fortasse
715 1819 810 1882 etiam
830 1817 1153 1897 CalvusQuintiliam,
1178 1818 1214 1881 cf.
1225 1839 1253 1883 c.
1267 1816 1330 1895 IV).

169 1914 417 1979 Parthenius
445 1935 572 1998 quoque
594 1917 759 1999 Bithynius
781 1918 861 1982 inter
879 1919 994 1998 elegias
1018 1918 1141 1998 scripsit
1168 1918 1332 2000 epicedion

168 2015 200 2078 iu
228 2020 362 2078 mortem
393 2017 506 2079 Aretes
534 2018 640 2081 uxoris
671 2023 702 2083 et
722 2019 927 2094 ArchilaidiS‚
955 2018 1042 2100 quod
1065 2019 1284 2098 cognoscimus
1315 2039 1333 2084 e

169 2115 277 2195 Sutria,
299 2116 354 2196 qui
376 2117 436 2180 sub
457 2135 535 2180 voce
557 2121 743 2196 Παρθένιος
767 2119 857 2183 dicit:
885 2119 1030 2203 ἔγραψεν
1049 2117 1198 2198 ἐλεγείας,
1227 2118 1334 2199 Ἀφρο-

170 2215 272 2296 δίταν,
293 2215 414 2301 Ἀρετῆς
435 2215 619 2299 ἐπικήδειον
641 2221 696 2299 τῆς
716 2221 864 2301 γαμετῆς,
884 2218 1006 2303 Ἀρετῆς
1020 2214 1176 2298 ἐγκώμιον
1190 2218 1225 2279 ἐν
1247 2217 1333 2298 τρισὶ

168 2316 302 2396 βιβλίοις
322 2317 375 2377 καὶ
396 2311 481 2380 ἄλλα
502 2316 617 2395 πολλοὶ,
640 2323 670 2380 et
692 2339 731 2382 ex
753 2319 998 2400 Hephaestione,
1022 2319 1075 2400 qui
1098 2339 1129 2400 p.
1151 2319 1170 2381 9
1193 2337 1333 2380 courme-

169 2421 272 2478 morat
302 2416 485 2497 ἐπικήδειον
516 2416 569 2477 ἐπ’
595 2417 782 2496 Ἀρχελάῑδα
817 2439 836 2482 a
860 2419 1032 2482 Parthenio
1070 2416 1331 2498 conscriptum8).

167 2515 335 2592 Quomodo
357 2517 548 2581 Parthenius
575 2517 738 2598 epicedion
760 2519 872 2581 Aretes
901 2518 1080 2595 instituerit,
1108 2516 1253 2598 cognosci
1274 2535 1332 2580 ne·

168 2616 246 2698 quit,
274 2617 331 2680 sed
356 2635 429 2680 cum
460 2617 652 2698 permultum
673 2617 865 2682 auctoritate
888 2617 1020 2681 valuerit
1046 2617 1134 2699 apud
1155 2615 1330 2690 Romanos,

165 2714 375 2796 credipotest
422 2718 537 2784 multos
557 2720 726 2799 poetarum
748 2737 955 2783 romanorum
978 2738 1012 2782 se
1034 2718 1077 2781 ad
1097 2735 1170 2781 eum
1189 2715 1330 2797 appHca-

165 2820 256 2883 visse.
300 2816 406 2901 Atque
427 2820 508 2882 adeo
528 2818 595 2881 veri
622 2837 686 2881 uon
712 2823 759 2881 est
780 2818 928 2881 dissimile
970 2817 1219 2882 consolationem
1242 2814 1330 2878 illam

167 2920 208 2983 ad
229 2918 349 2983 Liviam
373 2919 522 2999 scriptam
546 2922 576 2981 et
596 2918 686 2981 Statii
709 2917 937 2981 consolationes
969 2918 1075 2982 multis
1107 2918 1138 2981 in
1164 2916 1258 2979 rebus
1280 2933 1332 2978 co·

170 3018 302 3083 haerere
320 3038 392 3084 cum
413 3017 575 3082 Parthenii
598 3019 703 3081 Arete.

251 3137 278 3198 t.
309 3137 394 3199 Inter
421 3140 543 3200 ceteros
564 3135 854 3199 Alexandrinorum
877 3138 988 3215 poetas
1017 3133 1170 3214 elegiacos
1192 3150 1332 3195 comme·

168 3237 341 3300 morandus
363 3240 409 3298 est
431 3234 722 3309 Callimachus,
745 3254 841 3316 quem
859 3233 1071 3311 Quintilianus
1085 3231 1260 3315 principem
1274 3250 1331 3294 no-

168 3338 267 3399 minat
304 3335 429 3416 elegiae.
473 3335 711 3416 Epigrammata
744 3335 810 3397 eius
838 3333 929 3397 nobis
957 3333 1074 3397 tradita
1104 3335 1179 3395 sunt
1205 3333 1264 3403 61,
1298 3330 1329 3392 in

166 3435 443 3520 quihusuonnulla
455 3435 804 3517 continenturepicedia
823 3434 917 3496 haec:
930 3431 1208 3512 abati-2336,
1219 3432 1268 3505 35,
1279 3431 1330 3508 lo,

168 3538 219 3611 58,
242 3537 291 3610 150,
313 3537 363 3597 ttl.
407 3533 529 3612 Quibus
555 3535 587 3598 in
611 3534 757 3615 epicediis
778 3532 990 3597 Callimachus
1010 3529 1155 3595 adhibuit
1176 3528 1330 3592 nonnulla

173 3687 364 3698 --—————

238 3778 264 3847 1)
282 3776 426 3845 Reliquiae
453 3780 549 3830 extant
576 3777 650 3845 apud
670 3776 765 3844 Bergk.
786 3776 815 3830 Ρ.
836 3777 864 3830 L.
883 3776 928 3830 Gr.
958 3793 982 3843 p.
1009 3775 1153 3829 611-615.
1190 3776 1231 3829 De
1251 3774 1329 3829 Auti-

168 3863 264 3918 macho
282 3863 316 3917 cf.
335 3862 409 3916 stul.
428 3862 491 3916 hist.
511 3862 565 3916 litt.
584 3881 624 3931 gr.
643 3861 683 3915 Ill
703 3881 729 3930 p.
750 3861 833 3926 lullo.

234 3950 262 4016 2)
280 3950 387 4003 Laudat
405 3947 602 4002 Antimachum
618 3952 647 4002 et
665 3948 758 4015 Lyden
777 3947 836 4001 eius
856 3965 880 4001 v.
899 3948 933 4000 45
951 3949 1032 4003 vocat
1049 3951 1155 4012 βίβλους
1172 3949 1246 4016 trade.

235 4037 263 4102 3)
282 4035 314 4089 cl.
334 4034 459 4089 Meineke
478 4035 606 4089 analecta
624 4032 805 4092 alexandrina
822 4052 847 4107 p.
867 4033 1012 4092 ata-292.
