2946 4734
700 279 741 344 62

148 455 223 536 693,
248 455 334 521 Don.
347 453 434 519 Eun.
451 452 494 518 86
518 475 593 524 ‚non
609 449 768 540 imperite
783 451 1001 538 intellegunt,
1025 450 1083 538 qui
1098 449 1297 517 existimant

147 558 359 627 meretricem
390 557 529 625 etiam
558 555 635 624 hoc
666 555 823 623 simulare
854 560 940 640 etc‘,
976 555 1034 622 Or.
1058 555 1122 620 437
1156 555 1297 621 πάλιν

149 666 428 749 φιλοπράγμονος
459 665 476 730 ὁ
500 664 674 739 Μενέλαος
706 674 921 747 παραγυμνοῖ
942 665 979 728 τὸ
1004 657 1106 746 ἦθος,
1141 661 1198 728 Or.
1222 660 1295 743 482,

150 770 223 851 108,
246 769 320 850 427,
344 769 430 836 Don.
454 769 521 835 Ad.
546 768 650 833 9891
690 767 944 849 ,attendendum
974 773 1028 833 est
1049 756 1297 852 indulgentiam

149 897 169 941 a
191 875 318 941 Demea
339 874 458 962 culpae
485 872 610 940 ascribi
644 871 802 938 denuo‘.
864 872 1050 938 Praeterea
1077 893 1119 937 ne
1143 862 1295 938 omiseris

148 978 251 1046 velim
273 979 337 1045 Ad.
361 980 467 1045 4191
493 1001 610 1067 ,prope
633 976 794 1043 delinitus
820 982 896 1044 erat
919 975 1069 1044 Demea.
1088 1026 1095 1040 .
1112 975 1296 1044 artificiose

148 1085 257 1171 igitur
279 1087 383 1171 poeta
406 1084 548 1151 subiecit
573 1134 579 1147 .
605 1135 612 1148 .
636 1082 725 1149 unde
747 1082 843 1148 illum
868 1082 910 1149 ad
934 1080 1195 1149 amaritudinem
1217 1104 1295 1171 pro·

149 1192 267 1257 vocet‘.
312 1180 422 1277 Magis
445 1187 621 1275 generalia
645 1191 726 1254 sunt
756 1210 798 1253 sa.
822 1187 902 1254 Hec.
929 1188 1003 1268 215,
1034 1186 1152 1270 2512,
1178 1187 1252 1252 339.
1265 1189 1294 1268 5,

148 1295 210 1360 Ph.
236 1295 309 1359 112.
322 1295 351 1377 2,
378 1294 496 1377 3041,
519 1294 555 1359 in
578 1294 698 1380 quibus
723 1291 924 1380 explicatur,
949 1313 1049 1378 quam
1072 1290 1119 1358 sit
1139 1314 1296 1359 memor

150 1401 222 1467 sui
244 1403 347 1487 poeta
369 1400 514 1466 diversis
537 1399 674 1465 fabulae
698 1397 780 1465 locis
805 1397 847 1463 de
870 1396 1021 1464 omnibus
1045 1419 1130 1484 quae
1154 1396 1199 1464 ad
1221 1419 1294 1485 per·

150 1528 248 1572 sonas
271 1505 468 1591 pertineant
492 1506 603 1569 rebus.

237 1609 343 1676 Certa
372 1620 486 1675 autem
510 1607 637 1675 scholia
660 1609 822 1694 quaedam
846 1608 887 1674 de
909 1608 1064 1696 personis
1098 1610 1295 1674 constanter

152 1714 422 1781 inconstantibus
431 1713 618 1779 invenimus
632 1712 702 1778 scil.
717 1713 757 1778 de
770 1714 812 1779 iis
824 1713 989 1800 personis,
1000 1735 1143 1800 quarum
1153 1716 1296 1780 naturae

149 1820 184 1884 id
206 1821 316 1906 ipsum
338 1818 515 1907 proprium
550 1821 621 1901 est,
656 1822 696 1884 ut
729 1819 962 1884 inconstanter
996 1840 1032 1884 se
1061 1820 1195 1904 gerant.
1241 1814 1295 1882 Ad

150 1947 234 2010 quas
248 1923 337 2011 quod
349 1925 501 2011 pertinet
513 1924 670 1989 nimirum
682 1928 755 1990 tum
769 1925 871 2008 poeta
884 1922 1099 1989 constantiae
1114 1921 1227 2009 legem
1242 1923 1295 1988 ob·

150 2029 313 2111 servabit,
337 2052 410 2094 cum
425 2029 658 2094 inconstantes
673 2027 810 2093 inducet
823 2027 856 2113 ¹).
890 2026 942 2093 De
959 2049 1025 2115 qua
1040 2048 1078 2092 re
1094 2024 1296 2093 conferenda

151 2158 193 2201 ss.
217 2133 342 2200 Phoen.
366 2135 431 2198 274
462 2144 560 2199 τοῦτο
592 2135 639 2200 οὐ
671 2135 866 2219 συνῳδὸν
889 2132 1047 2220 1930267)
1078 2129 1296 2217 ,ὡπλισμένος

151 2238 187 2305 dt
213 2252 305 2323 χεῖρα
330 2242 411 2326 τῷδε
435 2240 616 2323 φασγάνῳί.
641 2241 936 2320 θρασύδειλον
966 2241 1044 2321 γὰρ
1067 2240 1140 2303 τὸν
1164 2242 1295 2303 Πολν·

150 2350 299 2427 νείκην
323 2349 555 2426 παρίστησι
579 2343 722 2431 πρῴην
745 2343 819 2426 μὲν
837 2345 1058 2427 φάσκοντα
1081 2340 1298 2426 ,ὡπλισμένος

152 2448 187 2514 δὲ
211 2462 304 2535 χεῖρα
327 2452 410 2536 τῷδε
434 2451 596 2535 φασγάνῳ
610 2451 650 2514 τά
664 2449 748 2515 πίστ’
770 2450 899 2538 ἐμαυτῷ
914 2460 974 2515 τοῦ
992 2451 1144 2532 θράσους
1162 2450 1298 2532 παρέξο-

150 2552 233 2639 μαί,
246 2564 323 2619 νῦν
336 2553 379 2619 δὲ
395 2558 474 2632 τοὺς
487 2556 621 2638 βωμοὺς
637 2560 780 2638 πλησίον
797 2551 885 2621 εἶναί
900 2573 1004 2641 φησιν
1023 2547 1074 2632 οἷς
1091 2555 1298 2639 προσφυγὼν

152 2664 276 2744 νομίζει
307 2668 460 2741 σωθῆναι
491 2661 643 2741 καθάπερ
675 2661 782 2743 ίκίτης
805 2664 985 2744 γενόμενος
996 2659 1037 2743 2),
1072 2659 1113 2725 de
1145 2658 1297 2746 parasito

152 2765 367 2831 1311117993
403 2765 474 2847 ,hoc
497 2769 566 2848 est,
599 2765 686 2852 quod
710 2788 812 2852 supra
835 2766 885 2832 ait
908 2765 999 2851 (251)
1032 2764 1089 2848 „id
1111 2787 1249 2830 rursum
1271 2763 1299 2830 si

154 2872 291 2956 negant,
316 2869 417 2936 laudo
440 2869 474 2935 id
490 2875 642 2957 quoque“
656 2922 662 2935 .
675 2892 750 2936 nam
769 2875 873 2957 negat
891 2894 1025 2937 rursum
1043 2869 1131 2936 made
1148 2891 1298 2957 pugnau-

153 2976 230 3040 dum
253 2998 336 3056 esse,
361 2975 418 3062 qui
443 2975 598 3062 superius
615 2976 759 3041 retineri
777 3001 845 3042 non
860 2980 1028 3063 potuerat,
1051 2975 1133 3063 quin
1150 2976 1187 3040 in
1201 2997 1298 3065 proe-

152 3080 233 3145 lium
257 3081 312 3146 vel
334 3081 519 3146 moriturus
541 3081 711 3162 irrueret‘,
736 3081 821 3145 Eun.
848 3082 976 3147 19843
1001 3082 1076 3162 ,iam
1102 3081 1161 3148 hos
1180 3080 1298 3147 laudat

153 3189 189 3251 et
222 3185 351 3252 nimis
382 3186 609 3272 parasitus
641 3191 728 3267 est,
765 3186 801 3252 si
836 3187 1089 3253 recordaris
1121 3185 1298 3253 eundem

154 3292 280 3357 dixisse
302 3292 392 3377 (427)
430 3292 578 3372 ,‚facete,
613 3291 741 3379 lepide,
773 3291 868 3358 laute
899 3297 1016 3374 etc.“‘,
1052 3293 1138 3358 Eun.
1173 3290 1296 3358 1025.1

155 3396 453 3478 ,reminiscere
474 3396 584 3462 hunc
614 3420 726 3478 esse,
761 3398 817 3484 qui
848 3398 951 3464 militi
981 3419 1085 3484 supra
1108 3396 1235 3464 dixerit
1258 3394 1298 3462 de

154 3503 283 3568 Thaide
306 3501 395 3586 (448)
429 3501 640 3582 „iamdudum
672 3508 707 3568 te
735 3505 848 3568 amat“
880 3505 916 3570 et
949 3526 1100 3569 rursus.
1126 3553 1133 3567 .
1158 3505 1194 3569 ot
1222 3500 1299 3567 hinc

155 3608 301 3688 videbis,
334 3629 416 3693 quos
447 3605 557 3672 exitus
581 3607 705 3674 habeat
729 3609 934 3692 assentatio;
969 3630 1046 3674 nam
1078 3607 1167 3673 idem
1197 3605 1299 3673 militi

154 3722 273 3779 auctor
298 3700 355 3777 est
373 3733 518 3777 summae
541 3711 810 3799 desperationis,
835 3713 920 3779 Eun.
946 3713 1225 3811 1085.1‚774.2,
1257 3710 1298 3777 de

155 3819 274 3884 lenone
297 3817 362 3882 Ad.
384 3816 495 3898 1994,
520 3817 560 3882 de
578 3840 676 3884 servo
693 3818 753 3883 Ph.
771 3818 886 3900 28112,
911 3818 952 3886 de
972 3817 1148 3885 Phaedrae
1165 3815 1298 3884 nutrice

154 3924 332 4013 praecipue
356 3921 457 4008 Hipp.
481 3922 545 3987 433
569 3928 676 3999 καλῶς
699 3923 879 4008 ἐμιμήσατο
902 3928 947 3989 τὸ
969 3935 1049 3988 τῶν
1071 3935 1209 4007 γραῶν
1232 3944 1298 3988 πα-

248 4089 273 4157 1)
293 4088 344 4140 Hic
371 4088 425 4141 iam
453 4087 566 4140 afferam
593 4087 676 4140 liceat
701 4087 861 4141 Aristotelis
888 4088 972 4140 verba
997 4103 1021 4140 a.
1041 4105 1067 4154 p.
1087 4087 1138 4140 XV
1164 4083 1220 4141 adv
1246 4083 1299 4154 γὰρ

155 4174 303 4245 ἀνώμαλός
321 4195 363 4236 τις
383 4169 434 4245 ᾗὸ
460 4175 512 4243 τὴν
530 4178 646 4244 μίμησιν
672 4173 803 4245 παράγων
831 4175 880 4229 ιιαλ
901 4184 1032 4229 τοιοῦτον
1050 4169 1124 4245 ἦθος
1142 4176 1299 4241 ὑποτιθείς,

156 4265 229 4335 ὅμως
247 4265 356 4334 ὁμαλῶς
374 4266 524 4333 ἀνώμαλον
544 4267 592 4318 δεῖ
607 4262 689 4318 εἶναι.

246 4357 272 4424 2)
293 4355 343 4407 Hic
363 4354 491 4422 Euripidi
509 4353 645 4408 satisfecit
664 4355 821 4422 scholiasta,
842 4354 915 4422 quod
932 4372 987 4409 non
1006 4370 1089 4424 saepe
1107 4352 1211 4409 factum
1230 4359 1281 4409 est.
