2946 4734
641 369 847 468 ··.⁶4··

193 553 321 610 Eiusdem
339 548 391 619 frg.
410 547 469 612 239,
490 547 521 601 Κ.
541 549 564 601 ll
580 566 607 618 p.
627 548 677 602 116

782 630 845 688 ou’d'
868 636 980 690 ἐλύσατο

351 717 498 797 πορνίδιον
517 721 579 776 οὐδὲ
598 720 765 794 θυροκοπῶν
780 702 983 792 'violaceam

195 813 300 885 Diphili
318 806 370 882 fr'g.
392 811 450 879 138,
469 810 501 863 K.
521 809 546 863 ΙΙ
565 828 592 879 p.
613 809 662 863 578

334 901 527 970 dvpuxoneir
547 893 593 947 καὶ
612 897 779 967 deponente.

193 984 336 1041 Herondae
355 982 507 1037 mimiamb.
519 983 549 1041 ,11
565 982 599 1036 63
608 1000 659 1051 sqq

545 1066 599 1126 πὺξ
615 1070 747 1140 ἐπλήγην,
768 1064 783 1139 ἦ
803 1073 875 1144 θύρη
894 1075 1067 1145 resipuerat

352 1155 400 1227 τῆς
420 1155 508 1226 οἰκίης
525 1155 589 1226 μέν,
607 1157 655 1225 τῆς
676 1157 758 1208 τελέω
776 1160 872 1230 τρίτην
888 1161 1003 1230 μισθόν,

352 1239 386 1296 τὰ
405 1235 538 1314 ὖπὲρθορ’
558 1239 636 1294 ὀπτά.

194 1331 304 1391 Terent.
318 1328 434 1394 Adelph.
448 1328 482 1382 88
492 1345 549 1396 sqq.

352 1416 424 1469 fores
443 1413 558 1484 ecfregit
575 1417 659 1482 etque
678 1412 707 1467 in
726 1413 805 1467 aedes
822 1412 903 1467 irruit

354 1501 472 1556 alienas:
491 1501 581 1570 ipsum
599 1500 742 1554 dominum
760 1503 844 1569 atoue
863 1517 973 1556 omnem
991 1501 1126 1557 familiam

353 1588 485 1654 mulcavit
503 1605 588 1657 usque
606 1588 641 1642 ad
660 1590 791 1650 mortem
811 1587 913 1658 eripuit
932 1588 1082 1653 mulierem,

352 1693 435 1744 quam
452 1675 572 1730 amabat.

191 1761 312 1833 Turpilii
330 1761 524 1832 Thrasyleonis
542 1763 587 1831 trg
614 1751 648 1823 Il,
669 1760 750 1814 Ribb.
768 1779 794 1830 p.
816 1760 865 1814 128

351 1866 431 1908 nemo
448 1866 580 1918 umquam
600 1847 669 1902 vidit
687 1847 793 1902 ebrium
811 1847 852 1901 ire
870 1846 992 1902 interdiu

353 1951 442 2003 neque
459 1934 571 1989 turbam
589 1933 679 1988 facere
698 1950 785 2001 neque
804 1933 874 1988 fores
892 1949 1012 1988 exurere.

158 2039 355 2120 Congruenti
387 2043 495 2103 autem
528 2039 653 2103 ratione
682 2039 814 2117 Tibulli,
856 2039 1031 2122 Propertii,
1072 2037 1177 2102 Ovidii
1209 2037 1327 2101 exclusi

159 2143 320 2203 amatores
338 2138 460 2219 impetu
479 2139 510 2203 in
529 2139 660 2203 ianuam
680 2139 764 2204 facto
787 2139 828 2204 ad
847 2144 990 2204 amatam
1007 2137 1135 2203 admitti
1150 2142 1327 2201 conantur:

194 2254 295 2309 Tibull.
314 2255 325 2306 l
345 2254 368 2321 1,
380 2253 461 2322 f3sq.

353 2356 426 2392 nunc
444 2338 510 2394 levis
528 2343 569 2394 est
587 2338 734 2394 tractanda
752 2340 850 2408 Venus,
869 2339 934 2392 dum
953 2338 1082 2407 frangere
1099 2339 1191 2408 postes

412 2441 468 2478 non
486 2426 572 2495 pudet
590 2430 619 2481 et
636 2427 708 2481 rixas
726 2425 891 2481 conseruisse
909 2425 994 2495 iuvat.

189 2512 290 2567 Tibull.
310 2512 322 2564 l
342 2512 382 2575 10,
393 2511 427 2564 53
438 2529 476 2580 sq.

299 2642 303 2649 .
355 2592 401 2651 sed
419 2597 532 2653 Veneris
550 2600 617 2652 tunc
635 2597 706 2652 bella
723 2597 822 2658 calent,
841 2595 987 2663 sensusque
1005 2593 1116 2664 capillos

411 2684 514 2739 femine
531 2685 682 2755 perfractas
701 2683 929 2752 conqueriturque
946 2683 1025 2736 fores

188 2773 270 2842 Prop.
291 2772 316 2824 ll
336 2773 361 2836 5,
372 2771 406 2824 22

351 2874 401 2913 nec
418 2874 481 2912 mee
497 2858 649 2926 praeclusas
667 2855 781 2926 fregerit
799 2855 841 2909 ira
860 2853 938 2908 fores.

189 2944 266 2998 Ovid.
286 2947 338 2999 art.
358 2943 401 2997 111
419 2944 450 2997 'll

348 3032 462 3084 nectua
480 3029 623 3098 frangetur
641 3032 776 3082 nocturna
793 3025 878 3079 ianua,
894 3022 961 3077 rixa.

186 3115 264 3168 Ovid.
283 3118 333 3170 art.
354 3115 392 3168 111
412 3116 462 3169 567

346 3218 397 3256 nec
416 3202 527 3270 franget
544 3205 634 3270 postes
652 3217 701 3254 nec
721 3200 807 3254 saevis
825 3197 934 3267 ignibus
952 3198 1022 3250 uret.

184 3285 262 3340 Ovid.
288 3287 389 3342 remed.
409 3288 441 3341 31
1010 3282 1012 3287 ⁴

345 3373 421 3428 effice
437 3378 573 3428 nocturna
591 3374 736 3441 frangetur
754 3370 837 3424 ianua
855 3367 922 3422 rixa.

234 3476 337 3559 Saepe
366 3477 497 3543 iuvenes
527 3479 560 3542 in
580 3478 687 3542 Plauti
717 3481 748 3541 et
777 3476 918 3541 Terentii
948 3474 1064 3538 fabulis
1092 3469 1256 3537 exclusi
1286 3473 1324 3534 et

150 3576 283 3656 spreti
302 3578 566 3642 anteostium
582 3577 823 3641 meretricis
843 3579 976 3651 stant,
1001 3589 1200 3655 quamquem
1219 3569 1323 3635 multa

151 3673 236 3738 dona
267 3675 433 3755 dederunt,
465 3679 570 3760 quod
604 3677 781 3741 divitior
813 3681 852 3740 et
885 3673 1229 3756 largiorrivelis
1263 3677 1322 3741 eis

149 3775 400 3855 praefertur.
444 3778 624 3842 Memineris
635 3777 870 3860 Plautilltsinl
889 3797 973 3842 scen.
986 3778 1006 3840 f
1018 3783 1050 3842 et
1061 3781 1089 3855 3,
1112 3778 1242 3842 Trucul.
1255 3777 1321 3851 113,

148 3873 220 3950 118,
252 3876 343 3950 {Va
376 3877 515 3941 Terentii
546 3878 689 3941 Eunuch.
714 3879 726 3941 l
752 3878 887 3955 1‚1vl.
950 3878 1121 3942 Praeterea
1150 3878 1322 3943 manifesto

148 3973 228 4036 tales
246 3994 350 4038 novae
367 3977 553 4040 comoediae
575 3996 687 4040 soenes
705 3977 872 4041 imitantur
890 3978 1049 4043 Lucienus
1064 3977 1140 4042 dial.
1157 3977 1320 4043 mer.le

146 4075 178 4136 et
190 4074 344 4156 Alcipbro
356 4077 446 4156 epist.
460 4078 472 4139 l
488 4077 528 4140 a?
547 4079 579 4140 et
598 4077 646 4140 35.
694 4077 877 4142 Videbimus
900 4082 1009 4142 autem
1034 4077 1192 4159 elegiacos
1207 4080 1330 4161 poetas,

147 4172 308 4238 interdum
342 4175 426 4257 ipsos
459 4175 571 4240 talium
606 4175 814 4257 spoliatorum
853 4182 884 4241 et
922 4172 1123 4243 exclusorum
1167 4178 1321 4249 iuvenum
