2946 4734
713 231 735 297 8
867 220 871 231 ,

147 403 1299 496 mmmwmfflmmmwm

147 515 200 581 ita
223 513 301 597 sint,
333 519 593 579 consentaneum
615 514 669 578 est
700 511 773 578 fere
801 534 869 577 non
899 511 1089 578 adhibitum
1120 510 1168 577 iri
1190 510 1299 579 Treu-

149 617 349 705 delenburgi
371 617 506 701 librum,
531 621 568 684 et
591 615 726 704 singula
749 640 808 683 suo
832 638 984 704 quaeque
999 617 1079 684 'loco
1103 616 1230 684 videas.

236 913 288 978 De
310 912 457 978 moribus
485 910 681 998 disciplinae
711 934 784 977 oum
807 911 1005 998 diligentius
1035 911 1218 994 studueris,
1249 913 1300 980 vi·

148 1017 241 1085 debis
275 1018 455 1105 praecipue
487 1017 571 1083 duas
603 1020 719 1104 partes
743 1016 999 1103 distinguendas
1034 1039 1119 1099 esse,
1155 1039 1300 1104 quarum

147 1145 210 1212 per
233 1122 380 1189 alteram
402 1121 606 1188 exhibentur
629 1121 838 1208 singularum
859 1144 1080 1210 personarum
1102 1123 1299 1191 notationes

147 1228 255 1295 idest
276 1250 386 1294 mores
409 1231 632 1314 exponuntur,
658 1227 777 1313 quibus
799 1250 839 1293 re
861 1249 945 1294 vera
966 1232 1069 1315 poeta
1089 1215 1299 1295 instruxerit

147 1354 321 1421 personas,
353 1355 415 1419 per
446 1332 592 1398 alteram
623 1336 701 1398 tota
733 1333 945 1418 potissimum
981 1333 1102 1399 fabula
1138 1337 1299 1422 respecta

149 1437 336 1525 quaeritur,
370 1459 533 1524 quaenam
565 1437 659 1523 leges
694 1438 905 1524 ethopoeiam
935 1439 1139 1505 instituendi
1172 1442 1298 1527 poetae

149 1543 221 1609 sint
252 1542 493 1609 observandae.
547 1541 697 1622 Quarum
729 1542 879 1630 partium
911 1542 1005 1629 prior
1039 1566 1125 1631 quae
1158 1542 1298 1610 exhibet

148 1669 368 1734 personarum
390 1642 585 1714 notationes
608 1647 667 1713 vix
690 1647 734 1712 ad
756 1648 864 1733 ipsam
893 1651 1003 1714 artem
1027 1648 1185 1734 pertinet.
1231 1648 1299 1716 Est

149 1753 237 1819 enim
267 1753 479 1838 grammatici
508 1751 564 1818 vel
594 1751 791 1838 diligentius
814 1751 870 1819 vel
900 1753 1009 1819 minus
1032 1753 1218 1840 diligenter
1239 1776 1299 1820 no-

149 1860 226 1925 tare
248 1860 370 1945 poetae
392 1878 554 1943 personas
577 1879 641 1923 nec
662 1857 837 1943 quicquam
857 1857 899 1923 de
914 1857 988 1945 ipsa
1003 1858 1191 1946 ethopoeia,
1217 1859 1300 1948 quid

149 1963 214 2029 sibi
236 1962 323 2029 velit
346 1962 402 2028 vel
424 1962 588 2050 quomodo
612 1962 657 2028 sit
680 1962 842 2029 instituta
865 1985 907 2028 ex
928 1963 1004 2050 ipsa
1017 1965 1195 2031 notatione
1210 1987 1299 2032 com·
1378 2004 1387 2037 s

148 2068 305 2155 perimus.
353 2066 481 2134 Tamen
513 2090 581 2133 non
610 2067 711 2133 debet
745 2067 881 2153 neglegi
914 2068 997 2135 haec
1029 2091 1108 2156 pars
1140 2091 1162 2136 a
1187 2070 1296 2153 nobis,

149 2173 273 2260 quippe
296 2175 416 2260 quibus
439 2174 475 2238 in
498 2173 607 2239 animo
632 2173 680 2239 sit
695 2173 806 2239 omnia
821 2173 989 2260 colligere,
1007 2195 1092 2261 quae
1109 2173 1185 2259 περὶ
1199 2176 1298 2259 ἠθῶν

149 2279 360 2365 protulerint
391 2282 524 2345 veteres
553 2277 775 2364 grammatici.
823 2277 970 2345 Gravior
1002 2284 1117 2346 autem
1139 2284 1297 2369 estpars

148 2383 329 2471 posterior,
355 2405 439 2471 quae
461 2384 569 2469 ipsam
591 2387 703 2448 artem
724 2386 892 2470 praestat.

617 2920 771 2987 CAPVT
794 2922 822 2986 Ι.

182 3071 373 3140 Notationes
395 3091 607 3160 personarum
630 3073 664 3137 in
688 3072 820 3139 scholiis
843 3072 1030 3160 propositae
1054 3071 1264 3140 exhibentur.

237 3249 336 3330 Quod
372 3248 416 3314 ad
452 3269 674 3334 personarum
711 3248 905 3314 notationes
943 3248 1104 3334 pertinet,
1143 3246 1298 3332 singulae

149 3376 300 3440 quaeque
324 3353 515 3419 sententiae
538 3374 558 3418 a
581 3352 771 3418 scholiastis
801 3352 841 3417 de
874 3353 1015 3437 singulis
1043 3352 1194 3438 personis
1218 3373 1291 3440 pro·

147 3459 241 3525 latae
276 3458 484 3544 colligendae
519 3462 605 3524 sunt.
652 3458 780 3523 Tamen
814 3458 850 3522 id
881 3480 949 3524 non
984 3458 1078 3539 satis,
1112 3457 1221 3539 immo,
1257 3460 1299 3523 nt

149 3565 262 3650 aliquo
295 3586 369 3629 oum
397 3563 514 3629 fructu
548 3562 760 3628 exhibeamus
791 3562 853 3628 has
878 3563 1075 3644 sententias,
1108 3563 1298 3629 certamin

149 3669 301 3735 ordinem
323 3669 434 3754 redigi
449 3668 582 3746 debent,
607 3690 672 3754 quo
686 3667 811 3733 iustior
827 3668 963 3733 eveniat
978 3689 1139 3753 personae
1153 3669 1298 3735 notatae

148 3775 269 3859 imago.
320 3774 397 3840 Non
429 3774 517 3838 enim
547 3773 616 3838 ullo
649 3772 720 3838 loeo
750 3772 939 3859 perfectam
968 3775 1198 3859 praebuerunt
1222 3793 1297 3859 per·

149 3901 304 3946 sonarum
335 3878 546 3944 notationem
577 3878 796 3958 scholiastae,
829 3877 887 3942 sed
916 3878 974 3942 ubi
1007 3878 1116 3943 visum
1146 3882 1198 3943 est
1228 3876 1297 3943 alio

147 3983 221 4050 loco
253 3984 321 4049 ah'a
351 3984 393 4049 de
423 4005 646 4070 personarum
674 3982 822 4047 moribus
853 3983 1004 4047 breviter
1033 3986 1297 4048 annotaverunt.

148 4090 220 4156 Neo
247 4089 390 4154 multum
419 4093 563 4175 prosunt
592 4088 691 4152 huius
715 4087 849 4171 generis
873 4087 956 4152 loci:
988 4088 1072 4153 Don.
1097 4087 1162 4153 Ad.
1186 4086 1296 4173 praef.

147 4195 240 4261 1116
257 4194 446 4281 (Wessneri
471 4216 550 4260 sane
575 4196 653 4258 utor
676 4192 837 4278 editione)
861 4192 915 4257 vel
939 4192 980 4258 de
1003 4193 1155 4279 personis
1170 4191 1298 4279 primas

147 4304 264 4387 partes
288 4299 468 4385 agentibus
492 4297 738 4379 annotationes,
764 4296 806 4362 of.
832 4319 858 4363 e.
882 4319 914 4382 g.
941 4297 1042 4363 schol.
1067 4296 1167 4385 Soph.
1192 4295 1231 4363 0.
1254 4296 1297 4363 R.
