2946 4734
630 359 753 422 -rs
796 393 850 451 -w

147 537 179 598 in
214 556 278 617 qua
313 555 397 599 nova
430 536 589 616 quaedam
621 535 770 598 meretrix
797 535 924 599 scribit:
946 533 1031 596 ἀλλ’
1064 535 1158 613 ἔγωγε
1192 534 1318 618 παλαιᾷ

149 637 296 697 συνοῦσα
319 631 610 713 ποριόδιδασκαέλῳ
631 636 671 715 τῇ
692 634 820 715 α’δελφῇ
851 634 904 694 καὶ
927 636 994 706 τοῖς
1016 633 1137 716 ἐκείνης
1160 633 1315 712 ἐρασταῖς

148 737 233 795 κατα
264 730 435 814 πρόφασιν
464 732 624 812 ὁμιλοῦσα
655 733 751 796 οὐδὲν
780 733 878 808 ἔδοξα
911 732 1104 814 δυσμαθής,
1138 733 1223 795 ἄλλα
1257 735 1317 796 τόν

150 833 310 911 ἑταιρικόν
331 827 394 916 ἤδη
416 833 619 914 parietesque
641 836 715 912 βίον
737 854 803 915 eqs.
850 906 851 909 Ἴ

234 934 318 1011 Quid
340 933 427 1014 quod
456 933 554 997 etiam
578 933 757 1014 decrepitas
778 932 848 996 illas
869 932 1068 1003 meretrices,
1099 950 1180 1012 quas
1210 932 1241 996 in
1265 953 1318 997 co-

152 1035 285 1097 moediis
300 1034 378 1097 artis
392 1033 570 1096 amatoriae
586 1033 756 1113 magistras
775 1032 923 1109 vidimus,
945 1032 978 1095 in
1000 1031 1096 1111 elegis
1117 1032 1318 1113 reperimus?

151 1134 275 1214 Nempe
296 1133 441 1196 Tibullus
464 1134 648 1196 exsecratur
677 1131 774 1196 talem
808 1131 957 1194 callidam
980 1131 1085 1195 lenam
1110 1132 1123 1194 Ι
1146 1133 1320 1214 5,475ᾳσ.,

152 1234 242 1297 cuius
264 1237 436 1314 praecepta
461 1232 584 1296 Deliam
607 1236 860 1309 commoverunt,
886 1236 921 1294 ut
944 1235 1074 1311 poetam
1092 1231 1197 1312 ipsum
1214 1232 1320 1295 exclu-

153 1334 243 1397 deret
265 1337 363 1414 atque
386 1332 516 1395 divitem
541 1337 717 1395 amatorem
741 1333 905 1413 reciperet.
960 1331 1111 1412 idemque
1134 1331 1279 1412 queritur
1296 1332 1323 1394 ll

153 1432 317 1513 ti‚ltsqq‚
340 1431 446 1495 lenam
469 1432 529 1495 sibi
551 1451 667 1496 nocere
686 1437 717 1496 et
737 1433 876 1496 amicam
893 1431 1037 1513 perdere.
1080 1431 1178 1496 Cuius
1192 1432 1322 1496 calami-

154 1533 230 1596 tatis
252 1533 373 1595 socium
397 1531 546 1595 Ovidium
576 1531 691 1610 habet,
722 1534 776 1613 qui
805 1532 915 1595 scribit
946 1551 1038 1595 amor
1060 1531 1098 1594 lll
1120 1533 1204 1609 ato
1225 1530 1323 1612 ‘inge-

154 1633 243 1696 nium
268 1632 417 1695 dominae
438 1633 510 1696 lena
525 1631 677 1695 movebat
693 1631 793 1695 anus’.
836 1633 937 1696 Plane
953 1636 1061 1696 autem
1077 1632 1217 1696 comicas
1234 1632 1323 1696 lenas

154 1752 198 1794 se
204 1731 359 1813 praebent
373 1751 453 1795 anus
469 1731 541 1795 illae
555 1751 675 1796 avarae
692 1736 724 1796 et
737 1732 930 1809 vinulentae‚
954 1753 1036 1814 quas
1054 1732 1239 1814 Propertius
1254 1733 1325 1796 lV5

156 1837 188 1895 et
209 1831 342 1895 Ovidius
364 1831 376 1894 l
397 1833 417 1895 8
439 1832 632 1895 describunt.

246 1949 389 2026 Quarum
413 1949 641 2028 magistrarum
661 1952 835 2030 praecepta
863 1967 949 2012 nunc
971 1947 1150 2011 audiamus,
1194 1948 1241 2011 Ac
1264 1948 1329 2027 pri*-

156 2068 246 2111 mum
277 2048 405 2129 quidem
435 2048 590 2130 pulchrae
622 2051 805 2113 meretrices
832 2048 1064 2124 admonentur,
1095 2051 1131 2110 ut
1161 2046 1264 2110 forma
1293 2050 1325 2110 et

157 2149 323 2211 iuventute
352 2149 393 2211 ad
422 2148 592 2229 pecuniam
623 2149 876 2231 comparandam
910 2151 943 2212 et
977 2145 1162 2227 spoliandos
1194 2145 1325 2210 iuvenes

157 2251 302 2319 utantur,
327 2267 368 2310 ne
389 2253 501 2329 postea
515 2249 602 2328 rugis
617 2249 737 2312 obortis
757 2253 854 2330 atque
875 2247 963 2311 canis
980 2245 1101 2328 capillis
1117 2246 1159 2309 ab
1175 2246 1324 2309 omnibus

159 2347 360 2411 amatoribus
392 2348 521 2411 relictae
553 2347 585 2411 in
615 2350 696 2413 tristi
727 2353 919 2431 paupertate
951 2347 1071 2411 vivant.
1130 2346 1253 2424 Quibus
1285 2346 1325 2409 de

159 2448 265 2510 causis
286 2447 414 2528 Scapha
436 2448 468 2510 in
491 2447 594 2510 Plauti
618 2449 810 2513 Mostellaria
833 2447 1059 2512 Philematium
1082 2447 1125 2510 ad
1155 2445 1326 2510 avaritiam

160 2552 192 2611 et
214 2551 383 2628 quaestum
407 2547 589 2610 faciendum
612 2548 746 2613 incitare
768 2553 919 2612 conatur:

196 2645 274 2697 Most.
297 2644 412 2711 194sqq.
939 2709 1024 2762 stulta
1042 2724 1069 2762 es
1087 2708 1176 2777 plane,

251 2795 416 2863 quasillum
436 2795 488 2848 tibi
506 2799 649 2850 aeternum
668 2799 747 2864 putes
766 2795 823 2850 fore
842 2795 960 2848 amicum
980 2799 1008 2848 et
1026 2794 1242 2848 benevolentem.

251 2898 347 2935 moneo
366 2898 417 2951 ego
436 2884 478 2934 te:
504 2884 532 2936 te
550 2883 595 2937 ille
613 2883 719 2937 deseret
737 2885 828 2937 aetate
847 2885 875 2937 et
892 2882 1028 2936 satietate.

198 2994 222 3029 v.
243 2976 293 3028 200
304 2993 362 3043 sqq.
989 3032 991 3035 ¹

163 3069 251 3122 nihilo
270 3086 320 3138 ego
340 3087 423 3138 quam
442 3087 515 3124 nuno
534 3073 564 3122 tu
584 3069 658 3135 †††
676 3071 770 3122 amata
783 3085 857 3129 sum;
878 3068 961 3133 atque
975 3064 1022 3118 uni
1034 3063 1115 3117 modo
1128 3060 1199 3131 gessi
1212 3077 1333 3114 morem:

164 3157 210 3224 qui
230 3157 276 3225 pol
295 3173 347 3223 me,
366 3155 413 3209 ubi
431 3159 523 3210 aetate
541 3157 592 3210 hoc
611 3159 693 3224 caput
709 3155 826 3208 colorem
844 3151 1034 3218 commutavit,
1059 3174 1061 3178 ·

165 3243 277 3312 reliquit
294 3242 465 3312 deseruitque
483 3259 534 3296 me.
562 3241 614 3295 tibi
632 3241 704 3295 idem
723 3241 847 3293 futurum
866 3238 953 3293 credo.

200 3356 224 3390 v.
244 3338 344 3404 216sq.

254 3433 283 3484 at
301 3431 352 3483 hoc
371 3445 457 3481 unum
476 3425 560 3480 facito
579 3423 693 3493 cogites:
721 3422 743 3474 si
761 3422 838 3474 illum
857 3420 1000 3475 inservibis
1018 3421 1112 3482 solum,

254 3517 320 3568 dum
339 3515 392 3569 tibi
410 3530 483 3567 nunc
501 3513 568 3565 haec
585 3509 749 3570 aetatulam,
773 3507 802 3560 in
821 3509 930 3561 senecta
948 3507 1018 3560 male
1037 3521 1157 3574 querere.

203 3626 245 3680 uf.
264 3626 351 3680 Plaut.
371 3625 441 3677 Pers.
462 3621 513 3673 229
522 3638 580 3688 sqq.

258 3718 375 3787 temperi
394 3717 466 3769 hanc
485 3712 599 3781 vigilare
618 3715 727 3781 oportet
745 3710 891 3763 formulam
910 3711 993 3775 atque
1012 3706 1170 3764 aetatulam,

258 3823 299 3864 ne.
319 3803 365 3857 ubi
385 3799 570 3868 versicapillus
589 3800 652 3861 fias,
680 3799 758 3852 foede
777 3812 883 3864 semper
901 3793 1010 3859 servias,

205 3904 233 3953 et
251 3898 362 3951 Terent.
381 3894 530 3947 Heautont.
550 3891 600 3945 389
611 3909 668 3960 sqq.

477 3987 567 4038 forma
584 3983 694 4053 impulsi
712 3985 805 4035 nostra
821 3998 870 4033 nos
889 3981 1026 4034 amatores
1043 3976 1154 4037 colunt;

259 4075 327 4128 haec
345 4073 393 4126 ubi
408 4071 596 4140 imminutast,
622 4071 662 4124 illi
682 4087 760 4123 suum
779 4067 903 4122 animum
921 4065 976 4120 elio
994 4063 1147 4129 conferunt,

258 4161 311 4214 nisi
331 4161 352 4213 si
372 4162 545 4229 prospectum
565 4159 671 4211 interea
690 4155 796 4223 aliquid
815 4156 870 4206 est.
895 4152 1017 4205 desertae
1037 4148 1159 4200 vivimus.
