2946 4734
630 389 836 453 -84..

183 570 262 627 Ovid.
282 587 368 624 amor.
388 569 399 620 Ι
417 567 442 630 8,
452 568 486 623 95
495 583 534 634 ευ.

343 677 378 714 nc
396 676 503 714 securus
522 659 596 711 amet
613 656 691 709 nullo
709 655 809 718 rivale,
838 658 947 709 caveto:

413 763 469 801 non
490 745 571 806 hene,
598 743 620 796 si
638 742 719 797 tollas
739 741 858 812 proelia,
883 741 968 796 durat
985 759 1063 797 amor
1080 759 1135 813 σφε.

147 853 189 916 Se
219 853 323 934 ipsum
356 851 418 914 hoc
448 849 546 914 modo
569 847 640 928 capi
664 866 703 911 ac
723 846 825 910 teneri
858 866 952 927 posse
973 867 993 911 a
1015 847 1129 929 puellis
1152 847 1320 930 profitetur

150 952 284 1016 Ovidius
306 970 407 1014 amor.
428 951 455 1013 ll
480 950 640 1029 19,5sqq.
664 947 701 1009 cf.
728 947 847 1009 Auson.
870 946 969 1027 epigr.
994 948 1043 1012 36.
1092 946 1189 1011 Tales
1211 948 1319 1010 autem

150 1050 326 1115 sententias
345 1049 515 1130 Propertio
535 1051 567 1111 et
589 1046 703 1110 Ovidio
727 1046 840 1108 iterum
866 1046 907 1108 ab
931 1046 1157 1111 Alexandrinis
1181 1045 1319 1111 auctori·

149 1152 210 1214 bus
241 1149 380 1212 traditas
412 1167 480 1212 esse
512 1166 576 1210 non
611 1145 759 1225 negabis
792 1144 817 1207 si
851 1144 909 1207 hos
942 1145 1028 1209 locos
1060 1148 1318 1228 perlustraveris:

149 1249 362 1331 Asclepiadae
385 1247 483 1328 epigr.
506 1245 628 1309 anthol.
652 1244 719 1307 Pal.
743 1243 799 1306 ΧΗ
824 1245 881 1308 153

342 1355 451 1424 πρόσθε
469 1371 520 1422 μοι
537 1346 676 1423 Ἂρχεάδης
695 1347 830 1418 ἑθλίβειο·
851 1349 902 1401 νῦν
917 1348 948 1402 δὲ
966 1347 1103 1405 τάλαιναν

414 1434 476 1492 τύδ’
495 1433 575 1490 ὅσσον
593 1439 696 1499 παίζων
715 1435 755 1495 εἰς
774 1431 818 1507 ιμ’
837 1433 1044 1506 ἐπιστρέφεται.

344 1520 408 1578 οὔδ’
426 1517 440 1576 ὅ
458 1518 591 1596 μελιχρὸς
605 1521 691 1595 Ἔρως
710 1520 755 1577 risi
773 1523 882 1591 γλυκύς·
901 1517 961 1576 ἄλλ’
979 1519 1096 1594 α’νιήσας

412 1607 546 1669 πολλάκις
566 1605 648 1679 ἡδίων
666 1605 755 1679 γίνετ’
774 1606 854 1679 ἐρῶσι
874 1606 951 1669 θεός.

150 1716 311 1779 Heliodor.
334 1715 400 1778 Vlll
422 1717 451 1792 5,
475 1735 506 1796 p.
531 1715 591 1777 359
613 1734 642 1775 v.
666 1713 707 1776 94
739 1708 909 1794 πεφύκασι
929 1714 991 1793 γδρ
1012 1712 1044 1775 οῖ
1066 1721 1130 1776 νεόι
1154 1721 1320 1796 θεραπευ-

150 1813 262 1896 όμενοι
291 1818 354 1894 μὲν
385 1815 623 1895 ὑπερφρονεῖν,
656 1812 842 1893 βιαζόμενοι
864 1812 894 1873 δ’
924 1811 1076 1875 ὑπείκειν.
1126 1815 1317 1881 Aristaenet

150 1935 199 1996 ep.
222 1915 247 1978 ll
271 1916 305 1988 1,
337 1934 366 1977 v.
389 1915 429 1978 20
464 1923 679 1992 χαριέστατον
710 1901 786 1973 οἶδα
818 1912 855 1974 τδ
879 1913 1017 1992 σμικρδν
1038 1911 1224 1992 ύποκνίζειν
1248 1918 1320 1989 τούς

151 2022 249 2087 νεόυς·
270 2017 367 2077 τοῦτο
388 2013 449 2092 γαρ
470 2015 536 2074 τῶν
558 2013 763 2093 α’φροδισίων
782 2011 1039 2090 προαναστέλλει
1060 2013 1119 2077 adr
1137 2011 1248 2096 ιιύρον,
1268 2017 1320 2079 καὶ

151 2114 209 2186 τοῖς
232 2112 363 2192 ἑταίρας
385 2112 621 2174 ἀποδείκνυσιν
642 2111 696 2172 αἐῖ
722 2109 884 2184 ποθεινοῖς
905 2116 972 2184 τοῖς
994 2112 1181 2191 ε’ρασθεῖσι.

232 2228 325 2292 Nunc
355 2248 431 2292 vero
461 2227 508 2290 dc
537 2228 751 2291 nonnullis
784 2228 1033 2310 praeceptis
1060 2228 1125 2292 vel
1156 2230 1321 2295 artibus

152 2327 408 2392 meretriciis
445 2327 572 2408 loquar,
607 2346 714 2408 quae
750 2327 800 2390 ad
839 2332 963 2392 ornat
970 2347 1081 2392 ume
1063 2329 1320 2395 cibabitum

152 2427 387 2510 puellarum
420 2426 642 2507 pertinent.
697 2427 731 2489 ln
761 2427 891 2490 Luciani
922 2447 998 2508 ergo
1024 2427 1098 2492 dial.
1133 2447 1212 2493 mer.
1244 2429 1322 2493 vta

153 2548 207 2590 ma
209 2533 257 2590 ter
209 2527 377 2590 tiiliam
400 2528 523 2602 edocet,
500 2526 709 2606 tquomodo
732 2531 872 2589 scortum
897 2527 929 2589 in
953 2527 1100 2591 convivio
1121 2527 1324 2610 lepidissimis

153 2627 299 2690 moribus
320 2626 405 2688 viros
428 2625 588 2689 delectare
615 2629 647 2688 et
669 2645 784 2705 capere
805 2626 921 2706 possit,
951 2631 981 2690 et
1003 2626 1098 2690 aliam
1122 2628 1322 2692 meretricem

154 2725 181 2788 ei
204 2724 296 2806 quasi
318 2723 481 2804 exemplar
502 2724 670 2804 proponit,
701 2724 732 2786 in
756 2743 820 2804 qua
850 2724 931 2788 haec
952 2725 1079 2789 laudat:
1105 2721 1147 2808 ἢν
1176 2725 1217 2788 δε
1246 2748 1324 2787 ποτε

154 2824 207 2885 καῖ
221 2823 358 2905 α’πέλθῃ
381 2823 437 2884 ἐπὶ
460 2823 598 2883 δεῖπνον
612 2822 761 2901 λαβοῦσα
777 2828 950 2902 μίσθωμα,
974 2820 1049 2885 οὔτε
1066 2821 1315 2904 μεθύσκεται-

155 2922 398 3002 καταγέλαστον
420 2923 490 3001 γαρ,
513 2921 567 2983 καῖ
589 2925 744 3000 μισοῦσιν
763 2921 793 2983 oi
809 2919 926 3001 ἄνδρες
946 2923 1004 2995 τοῖς
1025 2921 1234 2996 τοιαύτας-
1251 2918 1323 2989 orire

156 3022 435 3105 ὑπερεμφορεῖται
464 3025 521 3083 τοῦ
545 3015 635 3107 ὄψου
657 3018 889 3100 α’πειροκοίλως,
912 3021 996 3084 ditat
1019 3023 1247 3102 πρυςαίπτεται
1266 3028 1325 3104 μὸν

156 3117 263 3200 ἄκροις
277 3126 344 3193 τοῖς
359 3121 538 3198 δακτύλοις,
562 3124 669 3203 σιωπῇ
689 3121 726 3181 δὲ
744 3121 804 3193 τοὶς
826 3123 974 3193 ἐνθέσεις
996 3120 1053 3185 ουίι
1070 3121 1124 3184 ἐπ’
1137 3122 1325 3204 α’μφυιίραι

157 3219 365 3302 παραβύεται
383 3222 442 3292 τοῖς
456 3219 610 3299 γνάθους,
634 3224 723 3281 πίνει
745 3221 773 3281 δ’
795 3219 909 3304 ἠρέμα,
933 3220 971 3282 ού
992 3220 1133 3300 χανδόν,
1156 3222 1228 3285 ἄλλ’
1248 3222 1325 3284 οἰνα-

157 3329 336 3399 carropera.
381 3321 471 3398 Quae
494 3322 594 3383 verba
616 3322 770 3401 originem
794 3342 833 3384 cx
847 3322 964 3385 fabulis
979 3323 1094 3386 Atticis
1113 3323 1232 3388 ducere
1253 3322 1324 3387 inde

158 3420 349 3484 concludere
369 3440 550 3501 possumus
574 3420 660 3501 quod
684 3421 747 3482 iam
771 3422 802 3483 in
826 3422 940 3484 Eubuli
963 3422 1145 3503 fragmento
1165 3423 1217 3500 42,
1236 3422 1273 3487 K.
1295 3422 1323 3485 ll

157 3541 188 3601 p.
216 3521 274 3583 178
295 3520 405 3583 similis
427 3520 522 3583 scorti
545 3525 677 3582 venuste
699 3520 821 3583 edentis
844 3520 986 3586 laudatio
1008 3520 1167 3585 occurrit:

690 3628 726 3693 ὥς
744 3636 763 3687 d
768 3633 776 3649 '
795 3632 918 3689 ἐδείπνει
938 3638 1064 3708 κοσμίως,

354 3715 402 3790 ούχ
421 3714 512 3791 ὥσπερ
533 3718 612 3773 ίῖλλαι
633 3721 686 3781 των
704 3719 817 3793 πράσων
835 3720 1006 3792 ποιούμεναι

357 3808 476 3866 τολύπας
496 3807 611 3861 ἔσαττον
630 3804 679 3867 τὰς
698 3812 824 3877 γνάθους
844 3809 890 3860 καὶ
909 3807 962 3860 τῶν
981 3807 1070 3879 κρεῶν

356 3889 513 3966 α’πέβρυκον
533 3893 656 3966 αἰσχρῶς,
678 3890 735 3946 ἄλλ’
755 3893 872 3947 ἑκάστου
890 3890 993 3965 μικρὸν
1013 3889 1048 3946 ἂν

356 3975 512 4049 ιῖπεγεύεθ’
530 3975 621 4050 οἵσπερ
640 3980 783 4052 παρθένος
803 3981 933 4050 Μιλησία.

160 4082 240 4146 Curn
268 4085 384 4164 quibus
407 4105 600 4166 componere
621 4085 693 4148 licet
716 4105 769 4159 ea,
799 4106 883 4165 quae
905 4084 1037 4148 Ovidius
1059 4087 1178 4149 monet
1200 4086 1261 4147 art.
1282 4080 1329 4145 111

161 4186 221 4248 756
235 4206 305 4266 sqq.
