2946 4734
624 373 827 437 „57-

339 565 417 603 ouras
436 552 463 603 et
481 541 609 604 arcanum
630 552 719 606 iocoso

338 637 480 691 consilium
498 638 599 706 retegis
617 637 717 709 Lyaeo,

338 729 369 780 tu
387 742 461 796 spem
481 725 586 780 reducis
602 727 740 782 mentibus
759 730 847 785 anxiis

338 815 462 883 viresque
479 818 509 868 et
527 813 604 868 addis
617 831 720 889 cornua
732 819 847 888 pauperi
865 836 920 888 eqs.

179 920 279 975 Tibull.
300 919 309 970 l
330 919 354 982 7,
365 920 399 973 39
412 935 470 986 sqq.
1143 993 1146 1000 .

339 1004 461 1059 Bacchus
479 1008 508 1059 et
523 1004 660 1073 agricolae
676 1022 777 1075 magno
795 1008 921 1062 confecta
938 1008 1032 1064 labore

390 1095 502 1162 pectora
519 1092 650 1148 tristitiae
667 1093 839 1149 dissoluenda
856 1094 942 1151 dedit.

340 1180 461 1235 Bacchus
475 1184 503 1236 et
516 1180 632 1235 adflictis
645 1181 766 1250 requiem
788 1184 948 1238 mortalibus
961 1185 1042 1241 affert
1060 1203 1115 1255 eqs.

226 1286 435 1350 Amatoribus
456 1289 584 1364 autern,
618 1288 672 1370 qui
703 1290 734 1353 in
757 1289 853 1370 elegis
883 1290 1002 1355 amoris
1023 1290 1130 1371 ignem
1164 1289 1237 1354 vino
1258 1308 1312 1352 ex·

144 1388 290 1467 tinguere
320 1392 494 1465 conantur,
529 1408 595 1453 non
625 1390 721 1454 modo
748 1410 813 1456 non
842 1391 996 1455 auxilium
1019 1391 1095 1470 fert,
1128 1389 1184 1455 sed
1213 1388 1310 1453 etiam

147 1488 304 1569 cupidinis
323 1488 471 1552 ardorem
487 1489 590 1570 magis
611 1491 767 1555 accendit.
784 1491 805 1572 ¹)
835 1491 941 1570 Quam
957 1511 1023 1556 rem
1044 1490 1311 1573 praetermittam,

147 1609 219 1653 cum
243 1609 380 1670 persona
402 1590 525 1654 iuvenis
547 1591 700 1667 amantis,
734 1593 788 1674 qni
817 1591 957 1656 furorem
988 1594 1107 1658 frustra
1132 1591 1208 1654 vino
1238 1609 1312 1671 pro·

147 1691 264 1772 pellere
287 1691 374 1767 vult,
404 1693 437 1754 in
467 1690 655 1772 fragmentis
685 1695 717 1756 et
748 1693 863 1758 fabulis
884 1695 1034 1772 servatis,
1066 1693 1154 1776 quod
1182 1690 1312 1773 quidem

146 1793 255 1869 sciam,
272 1811 337 1855 uon
355 1796 518 1869 occurrat,
533 1812 734 1875 quamquam
752 1795 832 1858 tales
845 1795 976 1860 iuvenes
991 1794 1151 1859 aBaccho
1163 1792 1314 1873 deceptos

148 1894 211 1955 iam
249 1893 281 1957 in
315 1892 560 1956 Atheniensium
594 1912 723 1957 scenam
755 1895 930 1976 productos
961 1915 1029 1959 esse
1062 1893 1205 1971 confido,
1236 1912 1312 1956 nam

148 1993 294 2057 Bacchus
316 1994 424 2058 multis
446 1995 641 2059 comicorum
664 1995 758 2073 loeis,
781 1995 821 2060 de
844 1997 960 2078 quibus
983 2016 1069 2060 nunc
1092 2015 1198 2076 agam,
1221 1993 1311 2076 quasi

148 2094 278 2157 Veneris
309 2095 437 2159 adiutor
466 2101 497 2160 et
526 2097 631 2160 socius
664 2101 816 2187 apparet,
847 2098 933 2162 velut
954 2098 985 2161 iu
1005 2095 1201 2178 Antiphanis
1222 2093 1313 2158 Aeoli

147 2194 260 2274 fragm.
287 2196 332 2272 18,
345 2197 374 2273 3,
396 2196 432 2259 Κ.
455 2197 482 2259 ll
503 2216 533 2277 p.
559 2198 596 2260 17

631 2291 691 2348 sira
709 2297 876 2367 παραλαβών
893 2314 963 2350 ποτε

339 2379 416 2437 οἶνον
435 2386 597 2454 στρατηγόν,
617 2379 647 2444 ὃς
664 2386 750 2455 μόνος
768 2382 882 2454 θνητῶν
900 2380 966 2453 ἄγει

339 2466 390 2541 τὴν
410 2473 513 2543 τόλμαν
531 2470 572 2531 εἰς
590 2466 620 2524 τὸ
640 2474 747 2544 πρόσθε
767 2469 815 2542 τῆς
835 2467 986 2540 εὐβουλίας,

342 2562 447 2632 νύκτωρ
470 2553 591 2618 ἅναστὰς
609 2557 715 2630 ἔτυχεν,
734 2545 772 2612 ὧν
791 2555 925 2628 ἐβούλετο.

148 2667 236 2720 Plaut.
254 2664 324 2720 Rud.
343 2664 394 2717 566
486 2711 490 2717 ,

293 2753 339 2804 vel
357 2767 406 2820 ego
425 2767 518 2804 amare
537 2747 669 2802 utramvis
686 2765 803 2819 possum,
821 2747 844 2825 si
861 2748 947 2817 probe
966 2748 1083 2817 adpotus
1100 2745 1176 2826 siem.

148 2844 182 2905 ln
204 2840 343 2904 Terentii
365 2838 521 2904 Eunucho
545 2837 623 2901 dicit
644 2834 832 2902 adulescens
855 2837 962 2901 ebrius
982 2836 1158 2900 meretricis
1179 2835 1314 2900 ancillae

148 2965 177 3006 v.
201 2942 341 3022 730sqq.
1076 2963 1078 2966 ⁴

467 3036 536 3100 vah,
562 3040 667 3104 quanto
685 3053 759 3090 nune
778 3036 922 3090 formosior

345 3120 437 3180 videre
456 3123 526 3177 mihi
544 3142 628 3192 quam
649 3123 769 3177 dudum!

148 3237 204 3300 llla
231 3238 338 3298 nutem
362 3233 424 3295 hoc
446 3230 556 3296 viuum
581 3233 721 3296 effecisse
745 3233 953 3307 demonstrat,
976 3250 1048 3294 cum
1071 3229 1260 3311 respondet:

342 3337 415 3388 certo
433 3334 464 3386 tu
483 3332 594 3401 quidem
612 3333 658 3401 pol
677 3333 764 3385 multo
787 3330 909 3385 hilarior.
999 3354 1000 3358 ¹

148 3437 206 3501 Cui
231 3458 385 3519 responso
407 3439 595 3503 adulescens
614 3438 793 3513 assentitur,
816 3456 892 3499 nam
917 3437 1011 3500 dicit:

203 3537 315 3590 verbum
333 3538 425 3593 hercle
442 3538 495 3593 hoc
513 3555 605 3592 verum
624 3536 676 3592 erit
694 3531 762 3590 ‘siue
781 3536 877 3590 Cerere
894 3538 923 3588 et
942 3534 1038 3589 Libero
1056 3534 1141 3602 friget
1159 3526 1268 3586 Venus'.

150 3626 323 3690 Verbosius
344 3647 421 3691 vero
443 3627 573 3708 exponit
593 3626 707 3690 eadem
725 3624 868 3703 Ovidius
890 3626 944 3707 qui
967 3624 1061 3689 sinrul
1077 3621 1317 3686 consensionem

223 3850 244 3913 l)
267 3846 367 3902 Tibull.
387 3847 399 3900 Ι
419 3849 444 3916 2,
457 3850 468 3900 l
481 3867 540 3918 sqq.
562 3850 661 3904 Tibull.
683 3849 694 3901 I
714 3850 738 3910 5,
749 3849 782 3902 37
793 3867 852 3917 sqq.
872 3847 970 3902 Tibull.
990 3846 1029 3901 III
1048 3847 1166 3912 6,lsqq.
1185 3843 1265 3912 Prop.
1284 3843 1319 3896 lll

151 3935 287 4003 17‚1sqq.
307 3933 385 3989 Ovid.
405 3935 511 3991 heroid.
532 3937 580 4003 KV
603 3938 686 4004 (xvh
706 3939 756 3990 2⁸29
766 3956 805 4005 sq.
825 3934 894 3989 Ovid
922 3934 1021 3989 remed.
1032 3935 1083 3987 805
1093 3949 1143 3999 sqq
1170 3929 1318 3998 Asclepiad.

149 4022 228 4076 anth.
248 4022 304 4076 Pal.
324 4022 377 4075 Xll
397 4024 438 4077 50.
480 4023 617 4094 Meleager
637 4024 713 4078 anth.
734 4025 789 4078 Pal.
809 4024 858 4076 Xll
877 4024 919 4076 49.
955 4021 1107 4090 Aleiphron
1126 4018 1203 4088 epist.
1223 4020 1234 4071 l
1254 4018 1319 4080 35,2

151 4110 265 4164 fortasse
288 4109 421 4163 comicum
445 4111 580 4178 quendam
605 4111 739 4166 imitatur.
775 4111 815 4164 cf.
834 4111 996 4172 Volkmann,
1021 4107 1111 4162 studia
1130 4105 1321 4175 Alciphronea,

151 4195 297 4250 l'ratislav.
319 4197 394 4263 1886,
413 4216 440 4267 p.
459 4197 559 4267 23sqq.
