2946 4734
655 225 692 290 31

154 403 205 490 οἴη
225 430 288 486 περ
310 403 439 488 φύλλων
460 412 561 489 χενέη,
582 410 654 487 τοίη
674 405 712 468 δὲ
732 405 787 468 καὶ
807 403 947 489 αἰδρῶν·

192 510 311 587 παῦροι
333 509 393 584 μὲν
414 507 547 586 θνητῶν
569 499 667 568 οὔασι
689 503 864 585 δεξόμενοι

85 613 116 672 5.
149 614 289 687 στέρνοις
311 606 535 684 ἐγκατέθεντο·
567 603 709 685 πάρεστι
732 605 793 684 γάρ
815 604 908 679 ἐλπὶς
926 605 1051 691 ἑκάστῳ

191 704 330 786 α’νδραῖν,
352 701 374 786 t]-
393 726 430 764 τε
454 711 535 766 νέων
556 703 718 785 στήθεσιν·
741 702 911 786 ε’μφόεται.

150 807 283 886 θνητῶν
306 802 335 864 δ’
355 797 442 883 όφρα
463 825 510 875 τις
529 797 635 875 όίνθος
655 804 712 884 ἔχη
734 802 939 883 πολυήρατον
959 801 1049 890 ἥβης,

190 905 313 984 κοῦφον
333 904 415 980 ἔχων
438 901 550 979 θυμδν
567 899 663 963 πόλλ’
682 901 845 965 α’τέλεστα
867 907 944 967 νοεῖ.

150 1001 226 1067 οὔτε
244 1002 304 1082 yolo
327 1001 433 1063 ἐλπίδ’
458 1002 524 1080 ἔχει
544 1010 725 1083 γηρασέμεν
747 997 824 1063 οὔτε
845 1007 1041 1084 θανεῖσθαι,

87 1109 138 1170 10.
191 1103 268 1180 οὐδ’,
292 1101 377 1186 όχιης
398 1097 446 1164 ὅτ’
466 1097 509 1163 ἄν
529 1091 561 1184 ᾗ,
583 1101 729 1184 φροντίδ
752 1103 819 1181 ἔχει
840 1103 997 1183 καμότου.

150 1203 269 1288 νήπιοι,
292 1194 340 1274 οἷς
359 1200 462 1285 ταύτῃ
483 1205 588 1263 κεῖται
610 1201 692 1280 νόος,
715 1201 792 1264 ου’δλ
816 1201 938 1282 ἴσασιν,

197 1303 238 1376 ιός
256 1302 370 1384 χρόνος
391 1301 467 1365 ἔσθ’
488 1298 567 1387 ἥβης
588 1303 643 1364 καὶ
663 1302 779 1383 βιότου
801 1303 905 1384 όλίχος

152 1407 294 1485 θνητοῖς·
318 1401 404 1465 dito?
426 1401 470 1465 σδ
491 1405 598 1464 ταῦτα
615 1403 740 1484 μαθιδν
759 1402 874 1484 βιότου
893 1407 970 1469 ποτὶ
989 1417 1092 1490 τέρμα

194 1507 285 1591 ψυχῇ
305 1506 371 1565 τῶν
388 1502 527 1582 α’χαθιόν
547 1502 646 1578 τλῆθι
666 1503 882 1584 χαριζόμενος.

86 1611 120 1669 et
142 1605 227 1685 luget
249 1603 396 1666 fortunae
418 1601 665 1676 instabilitatem,
690 1605 745 1683 frg.
769 1604 826 1667 32:

152 1700 331 1783 όίνθριοπος
351 1701 415 1764 έιδν
435 1699 481 1786 μή
503 1723 585 1762 ποτε
607 1701 716 1785 φοίσης
736 1699 756 1764 ὅ
776 1724 807 1764 τι
827 1707 949 1783 γίνεται
968 1700 1089 1786 αόριον,

149 1803 224 1886 μηδ’
244 1797 353 1882 όίνδρα
375 1799 456 1864 idola
478 1795 597 1882 όλβιον,
617 1796 721 1865 όσσου
741 1801 859 1883 χρόνον
881 1805 1022 1868 ἔσσεται·

150 1904 250 1965 ω’κεῑα
270 1903 341 1982 χδρ,
364 1900 443 1964 ου’δὲ
462 1899 707 1982 τανυπτεριίχου
728 1906 824 1982 μυιάς

150 2001 250 2075 οὕτως
271 2001 294 2063 οἱ
315 1999 527 2081 μετάστασις.

87 2105 194 2186 (Quod
217 2103 431 2182 fragmentum
452 2101 556 2164 threni
574 2119 643 2164 esse
665 2119 684 2162 a
699 2100 862 2164 Simonide
877 2102 908 2165 in
925 2110 1060 2168 mortem
1073 2107 1254 2191 Scopadum

91 2202 270 2284 conscripti,
294 2222 311 2263 e
333 2200 491 2264 Favorino
513 2202 623 2263 narrat
643 2199 800 2264 Stobaeus
812 2199 847 2281 ¹).

169 2301 226 2364 His
262 2320 345 2382 quae
374 2299 466 2363 attuli
496 2299 682 2380 fragmentis
720 2319 793 2364 cum
822 2300 1000 2365 Simonides
1027 2322 1093 2366 non
1120 2305 1160 2369 de
1189 2327 1253 2373 uno

86 2401 216 2465 homine
237 2399 295 2463 sed
316 2419 373 2481 per
394 2399 489 2462 unius
506 2398 685 2480 exemplum
710 2399 750 2462 de
771 2399 919 2463 omnibus
936 2400 1119 2467 hominibus
1142 2406 1255 2490 loqua-

86 2506 146 2580 tur,
171 2499 266 2562 etiam
289 2499 370 2562 inest
385 2519 449 2579 arg.
466 2498 500 2560 ll.
530 2497 592 2562 Sed
608 2497 650 2560 IV
665 2517 794 2580 quoque
810 2503 1034 2578 argumentum
1051 2506 1253 2581 agnoscimus

86 2602 118 2664 in
148 2599 431 2681 epigrammatibus
463 2601 496 2661 et
530 2598 678 2679 epicediis
708 2617 792 2678 quae
829 2597 931 2661 multa
961 2599 1052 2662 nobis
1082 2603 1256 2671 traduntur

85 2698 175 2781 (trgg.
199 2696 366 2780 89-130),
396 2698 513 2780 quibus
535 2697 715 2762 Simonides
747 2697 863 2780 cuique
894 2703 1090 2764 mortuomm
1121 2704 1253 2782 gloriam

86 2799 317 2877 demonstrans,
346 2818 430 2880 quae
460 2799 488 2860 ei
517 2801 677 2878 superstes
699 2797 788 2873 toret,
817 2797 996 2860 admirabili
1019 2819 1092 2862 cum
1116 2804 1254 2869 sollertia

84 2902 212 2978 gratum
235 2899 368 2980 praebet
389 2898 551 2962 solacium.
585 2897 711 2961 Novum
735 2900 766 2959 et
782 2898 940 2977 peculiare
957 2900 1140 2963 consolandi
1160 2922 1255 2983 argu·

85 3002 228 3062 mentum
251 2998 471 3077 cognoscimus
493 2999 524 3060 in
546 2995 603 3077 frg.
629 2995 706 3058 116:

147 3093 275 3160 {toraca
297 3096 338 3178 δη
361 3094 436 3158 τόδ’
459 3098 548 3158 ἔειπε
571 3094 669 3178 φίλην
690 3093 767 3155 ποτὶ
789 3101 914 3176 μητέρα
935 3091 1046 3176 Γόρχυ

188 3195 407 3277 δακρυόεσσα,
427 3197 521 3277 δέρης
539 3195 653 3275 χερσὶν
670 3194 895 3275 ἐφαπτομένα·

147 3285 232 3358 αόθι
252 3303 360 3374 μένοις
382 3296 474 3376 παρό
493 3298 604 3375 πατρί,
628 3300 728 3365 τέκοις
750 3292 780 3353 δ’
798 3292 855 3354 ε’πῐ
875 3292 971 3373 λῴονι
987 3299 1085 3379 μοίρᾳ

187 3391 299 3476 όίλλην,
323 3397 372 3476 σῷ
392 3393 495 3474 πολιῷ
514 3391 609 3480 γήραϊ
630 3390 805 3472 καδεμόνα.

86 3502 186 3584 Optat
209 3501 303 3582 igitur
322 3501 427 3583 Gorgo
449 3501 651 3579 moribunda,
682 3502 717 3562 ut
743 3502 848 3562 mater
877 3499 982 3580 pariat
1004 3501 1137 3564 alteram
1159 3503 1256 3566 tiliam

84 3604 169 3665 sorte
203 3600 391 3677 feliciorem,
440 3620 525 3682 quae
561 3600 590 3662 ei
628 3599 686 3662 liat
732 3597 859 3660 firmum
901 3600 1074 3662 senectutis
1119 3601 1256 3665 admini-

86 3700 205 3777 culum,
233 3701 343 3820 utiqpe
372 3700 415 3764 ita
447 3701 601 3764 damnum
631 3717 695 3779 quo
725 3715 784 3760 sua
806 3701 908 3762 morte
934 3701 1039 3762 mater
1066 3699 1107 3762 sit
1133 3699 1257 3779 allecta,

85 3800 253 3864 reficiatur.

85 3918 279 3930 ,..-..-...-.

154 3968 179 4034 1)
199 3965 275 4021 Stob.
294 3965 355 4018 ffor.
374 3964 432 4018 105.
452 3964 499 4019 62:
527 3964 540 4015 δ
558 3964 664 4033 ποιητής
682 3964 837 4034 διεξέρχεται
855 3963 903 4030 τήν
921 3963 973 4014 τῶν
987 3964 1130 4016 Σκοπόδιιν
1148 3965 1252 4034 ιίθρόαν

88 4054 225 4110 anunm.
251 4052 285 4108 cf.
304 4051 358 4106 Cio.
378 4051 412 4104 de
432 4053 493 4104 orat
521 4050 555 4105 ΙΙ.
575 4050 617 4105 86.
636 4049 695 4104 352.
