2946 4734
737 239 777 304 14

172 417 358 498 dignitatem
379 437 470 482 suam
494 438 527 482 se
548 420 664 484 debere
679 420 755 484 dicit
773 418 934 502 (13-16),
958 423 990 483 et
1006 423 1106 502 optat,
1128 423 1164 484 ut
1178 420 1344 502 Augustus

168 522 300 602 eiusque
322 518 440 583 familia
460 539 587 601 semper
607 525 774 584 versentur
796 522 827 583 in
847 522 943 585 rebus
966 520 1113 584 secundis
1128 518 1204 602 (m-
1225 520 1289 601 34).

249 621 284 684 ln
302 620 351 683 his
372 620 477 702 elegiis
495 620 656 702 permulta
680 622 881 702 agnoscimus
903 621 1128 685 consolationis
1153 621 1197 684 ad
1217 620 1340 686 Liviam

168 720 309 801 vestigia,
331 740 467 802 quorum
487 721 638 785 nonnulla
663 720 822 802 Hauptius
844 720 887 803 (p.
901 717 974 801 348)
998 720 1113 784 attulit.
1143 720 1253 803 ltaque
1275 740 1340 785 non

168 826 243 885 ante
270 821 354 885 hanc
382 820 455 885 illae
484 823 558 884 sunt
587 822 793 902 conscriptae.
844 820 1001 885 Convenit
1037 821 1124 902 quod
1159 821 1277 902 elegiae
1306 821 1338 885 in

167 926 304 985 mortem
330 920 522 985 Maecenatis
548 921 742 1002 compositae
769 924 844 984 sunt
871 919 1015 984 suasorio
1055 919 1106 983 illo
1134 920 1248 998 modo,
1285 921 1338 1002 qui

167 1021 374 1086 exercebatur
394 1021 427 1084 in
447 1020 561 1084 scholis
578 1020 742 1084 rhetoricis
771 1020 862 1102 primi
891 1019 1018 1084 saeculi.
1061 1019 1143 1084 Cum
1172 1023 1338 1101 praeterea

168 1125 280 1186 contra
302 1120 443 1184 Senecae
473 1120 639 1201 epistulam
666 1120 784 1202 scripta
813 1121 852 1183 sil
884 1120 984 1201 elegia
1012 1119 1125 1201 prima,
1151 1119 1182 1182 id
1211 1139 1338 1201 quoque

168 1239 219 1283 me
234 1220 374 1296 adducit,
396 1221 485 1284 utin
508 1220 612 1302 primo
630 1220 757 1284 saeculo
779 1239 850 1284 earn
872 1239 1001 1302 ponam.
1039 1202 1208 1283 Pralterea
1230 1239 1248 1283 e
1266 1219 1338 1283 Lol·

165 1319 196 1382 lii
215 1320 376 1383 mentione
405 1320 489 1383 idem
518 1320 665 1384 concludi
693 1323 807 1402 potest.
856 1321 940 1383 Nam
972 1320 1047 1402 quid
1080 1320 1268 1400 posteriores
1295 1318 1336 1382 de

148 1418 265 1483 =Lollio
286 1424 485 1501 compertum
505 1420 691 1483 habebant?
735 1420 897 1484 Existmno
920 1420 1016 1501 igitur
1043 1419 1101 1482 has
1125 1438 1254 1500 quoque
1274 1419 1336 1482 ele-

132 1566 138 1576 „
165 1522 231 1601 glas
260 1520 394 1601 scriptas
422 1541 490 1585 esse
520 1522 620 1602 primo
654 1523 727 1601 post
749 1519 824 1584 Chr.
851 1540 882 1582 n.
905 1519 1032 1582 saeculo
1059 1518 1090 1581 in
1124 1519 1233 1583 schola
1255 1538 1335 1600 qua·

166 1622 242 1684 dam
273 1621 442 1698 rhetorica,
471 1624 501 1684 in
531 1622 645 1685 eadem
674 1621 820 1698 fortasse,
853 1619 901 1684 cui
930 1619 1065 1682 debetur
1095 1619 1269 1683 consolatio
1293 1619 1335 1683 ad

164 1719 292 1784 Liviam.

650 1919 843 1930 ...-——-—

650 2141 761 2226 (laput
781 2137 826 2206 IL

441 2259 482 2348 lc
506 2259 656 2346 caminis
680 2256 883 2345 consolatorii
907 2256 1038 2363 origine.

159 2507 197 2570 A.
218 2505 272 2569 De
294 2501 512 2567 verborum
531 2503 707 2588 θρῆνος,
731 2499 871 2582 dimoc,
895 2498 1142 2582 ἐπικήδειον
1162 2499 1325 2563 notione.

240 2636 430 2718 Priusquam
452 2637 604 2701 accedam
627 2636 669 2701 ad
690 2635 882 2718 inquirenda
903 2633 1035 2714 vestigia
1048 2635 1195 2698 carminis
1213 2655 1326 2698 conso·

156 2737 259 2802 latorii
282 2737 314 2800 in
342 2737 429 2818 poesi
451 2735 644 2802 Graecorum
675 2740 705 2799 et
728 2736 953 2799 Romanorum
985 2733 1077 2797 nobis
1103 2735 1219 2799 tradita
1246 2735 1327 2798 sicut

156 2839 260 2902 facere
281 2837 358 2900 mihi
375 2837 534 2919 proposui,
564 2836 652 2900 haud
676 2836 814 2900 alienum
837 2835 914 2898 mihi
936 2854 1003 2898 esse
1025 2834 1149 2898 videtur
1170 2835 1324 2899 nonnulla

155 2939 258 3001 dicere
280 2937 320 3000 de
339 2936 568 3016 significatione
590 2936 714 3000 illorum
738 2935 912 2998 verborum
940 2935 1055 3017 quibus
1078 2935 1164 3016 apud
1187 2932 1324 2999 Graecos

154 3036 352 3102 notabantur
370 3035 615 3101 lamentationes
635 3035 794 3099 funebres.
838 3035 886 3098 Ac
912 3037 1053 3116 primurn
1082 3035 1210 3117 quidem
1234 3037 1324 3100 nobis

153 3139 324 3202 occurrunt
347 3135 494 3218 querelae
522 3155 561 3200 ex
588 3136 718 3200 incitato
748 3135 857 3200 dolore
879 3135 1048 3216 proiectae,
1077 3155 1161 3216 quae
1184 3155 1248 3200 non
1274 3157 1324 3200 re·

153 3237 354 3302 ducebantur
376 3235 419 3299 ad
439 3238 559 3300 certam
581 3235 717 3300 formam
742 3235 908 3317 poeticam.
951 3235 999 3297 lla
1019 3233 1105 3307 λίνος
1132 3235 1323 3317 significasse

153 3339 252 3402 fertur
275 3336 425 3400 tibiarum
448 3339 639 3400 concentum
660 3335 898 3400 lamentabilem
922 3334 969 3398 vel
998 3353 1128 3398 carmen
1153 3334 1201 3398 cui
1225 3334 1321 3400 tibiae

152 3435 291 3500 tristibus
313 3434 416 3498 modis
438 3435 660 3500 concinebant.
690 3436 738 3499 lta
754 3438 837 3499 certe
852 3435 984 3497 tradunt
1001 3433 1208 3515 grammatici,
1232 3435 1321 3499 cuius

152 3537 196 3600 rei
227 3537 420 3600 documento
448 3537 495 3598 est
523 3554 652 3600 carmen
690 3535 819 3617 aliquod
848 3534 1057 3599 threneticum
1086 3533 1117 3596 in
1147 3533 1245 3598 schol.
1277 3536 1319 3600 ad

150 3636 244 3701 Hom.
266 3635 299 3699 ll.
321 3637 483 3699 servatum
496 3632 529 3717 ¹).
572 3636 721 3701 Ceterum
743 3636 774 3698 in
795 3635 906 3697 litteris
927 3632 1013 3706 λίνος
1034 3652 1098 3696 non
1120 3635 1239 3698 occurit
1261 3636 1320 3699 nisi

219 3835 244 3906 l)
264 3835 354 3889 Schol.
373 3834 452 3888 Hom.
471 3833 504 3888 X.
522 3834 560 3888 18.
580 3834 644 3889 540:
664 3837 719 3887 ἔστι
738 3835 766 3886 dl
784 3834 856 3894 μέλος
875 3835 1029 3901 θρηνηοινόν
1047 3833 1059 3884 ὅ
1078 3835 1143 3894 λίνος
1160 3838 1214 3897 μετ’
1233 3839 1318 3903 ἰσχνο-

148 3930 241 3985 φωνίας
258 3924 387 3991 ςίδόμννος·
406 3925 539 3994 ἐθρηνεῖτο
556 3921 606 3992 γάρ
624 3913 696 3980 cicccc
713 3919 780 3990 (scil.
801 3918 885 3973 Linus
906 3923 980 3973 vates
999 3920 1156 3990 Thebanus)
1175 3925 1246 3993 παρά
1266 3924 1317 3976 τῶν

170 4007 249 4060 οο”ν
269 4008 298 4059 o'l
348 4050 354 4063 ,

149 4031 199 4067 μυ
215 4032 234 4061 ω
283 4030 347 4069 nm
374 4065 409 4127 Ὠ
428 4079 490 4129 Atre
508 4076 573 4128 ποῖοι
588 4077 687 4128 θεοῖσιν
757 4081 879 4139 accepire,
900 4078 1118 4150 οο1γοὶρὲδωναν
