<?xml version="1.0" encoding="UTF-8"?>
<!DOCTYPE html PUBLIC "-//W3C//DTD XHTML 1.0 Transitional//EN"
    "http://www.w3.org/TR/xhtml1/DTD/xhtml1-transitional.dtd">
<html xmlns="http://www.w3.org/1999/xhtml" xml:lang="en" lang="en">
 <head>
  <title>
</title>
<meta http-equiv="Content-Type" content="text/html;charset=utf-8" />
  <meta name='ocr-system' content='tesseract 3.04.00' />
  <meta name='ocr-capabilities' content='ocr_page ocr_carea ocr_par ocr_line ocrx_word'/>
</head>
<body>
  <div class='ocr_page' id='page_1' title='image "./deincertipoetae00schagoog_0225.png"; bbox 0 0 2946 4734; ppageno 0'>
   <div class='ocr_carea' id='block_1_1' title="bbox 632 349 835 412">
    <p class='ocr_par' dir='ltr' id='par_1_1' title="bbox 632 349 835 412">
     <span class='ocr_line' id='line_1_1' title="bbox 632 349 835 412; baseline 0.01 -18"><span class='ocrx_word' id='word_1_1' title='bbox 632 349 835 412; x_wconf 80' lang='lat'>..50-</span> 
     </span>
    </p>
   </div>
   <div class='ocr_carea' id='block_1_2' title="bbox 146 527 1055 886">
    <p class='ocr_par' dir='ltr' id='par_1_2' title="bbox 146 527 1055 886">
     <span class='ocr_line' id='line_1_2' title="bbox 146 527 933 601; baseline -0.009 0"><span class='ocrx_word' id='word_1_2' title='bbox 146 536 213 601; x_wconf 87' lang='lat' dir='ltr'><strong>Nee</strong></span> <span class='ocrx_word' id='word_1_3' title='bbox 233 533 323 597; x_wconf 83' lang='lat' dir='ltr'><strong>deest</strong></span> <span class='ocrx_word' id='word_1_4' title='bbox 345 527 466 592; x_wconf 90' lang='lat' dir='ltr'><strong>amoris</strong></span> <span class='ocrx_word' id='word_1_5' title='bbox 488 531 597 591; x_wconf 89' lang='lat' dir='ltr'><strong>aestus</strong></span> <span class='ocrx_word' id='word_1_6' title='bbox 617 527 649 591; x_wconf 91' lang='lat' dir='ltr'><strong>in</strong></span> <span class='ocrx_word' id='word_1_7' title='bbox 671 528 777 593; x_wconf 91' lang='lat' dir='ltr'><strong>Plauti</strong></span> <span class='ocrx_word' id='word_1_8' title='bbox 800 529 933 594; x_wconf 84' lang='lat' dir='ltr'><strong>fabulis:</strong></span> 
     </span>
     <span class='ocr_line' id='line_1_3' title="bbox 182 635 401 703; baseline -0.041 -7"><span class='ocrx_word' id='word_1_9' title='bbox 182 638 282 696; x_wconf 76' lang='lat' dir='ltr'><strong>disten</strong></span> <span class='ocrx_word' id='word_1_10' title='bbox 300 635 351 690; x_wconf 80' lang='lat'><strong>221</strong></span> <span class='ocrx_word' id='word_1_11' title='bbox 362 651 401 703; x_wconf 84' lang='lat' dir='ltr'><strong>sq.</strong></span> 
     </span>
     <span class='ocr_line' id='line_1_4' title="bbox 341 724 926 797; baseline 0 -16"><span class='ocrx_word' id='word_1_12' title='bbox 341 725 492 782; x_wconf 77' lang='lat' dir='ltr'><strong>maritimis</strong></span> <span class='ocrx_word' id='word_1_13' title='bbox 509 724 632 780; x_wconf 87' lang='lat' dir='ltr'><strong>moribus</strong></span> <span class='ocrx_word' id='word_1_14' title='bbox 645 743 759 780; x_wconf 83' lang='lat' dir='ltr'><strong>meeum</strong></span> <span class='ocrx_word' id='word_1_15' title='bbox 777 728 926 797; x_wconf 86' lang='lat' dir='ltr'><strong>experitur,</strong></span> 
     </span>
     <span class='ocr_line' id='line_1_5' title="bbox 340 812 1055 886; baseline 0.006 -20"><span class='ocrx_word' id='word_1_16' title='bbox 340 814 383 868; x_wconf 87' lang='lat' dir='ltr'><strong>ita</strong></span> <span class='ocrx_word' id='word_1_17' title='bbox 399 829 491 867; x_wconf 89' lang='lat' dir='ltr'><strong>meum</strong></span> <span class='ocrx_word' id='word_1_18' title='bbox 511 812 618 882; x_wconf 86' lang='lat' dir='ltr'><strong>frangit</strong></span> <span class='ocrx_word' id='word_1_19' title='bbox 637 817 778 869; x_wconf 87' lang='lat' dir='ltr'><strong>amantem</strong></span> <span class='ocrx_word' id='word_1_20' title='bbox 797 815 920 869; x_wconf 88' lang='lat' dir='ltr'><strong>animum</strong></span> <span class='ocrx_word' id='word_1_21' title='bbox 938 817 1055 886; x_wconf 82' lang='lat' dir='ltr'><strong>(Amor).</strong></span> 
     </span>
    </p>
   </div>
   <div class='ocr_carea' id='block_1_3' title="bbox 181 907 1300 1074">
    <p class='ocr_par' dir='ltr' id='par_1_3' title="bbox 181 907 1300 1074">
     <span class='ocr_line' id='line_1_6' title="bbox 181 907 496 965; baseline -0.016 -1"><span class='ocrx_word' id='word_1_22' title='bbox 181 911 270 965; x_wconf 87' lang='lat' dir='ltr'><strong>Plaut.</strong></span> <span class='ocrx_word' id='word_1_23' title='bbox 289 908 426 963; x_wconf 77' lang='lat' dir='ltr'>Mercator</span> <span class='ocrx_word' id='word_1_24' title='bbox 444 907 496 960; x_wconf 88' lang='grc'><strong>890</strong></span> 
     </span>
     <span class='ocr_line' id='line_1_7' title="bbox 215 999 1300 1074; baseline -0.003 -16"><span class='ocrx_word' id='word_1_25' title='bbox 215 1003 294 1074; x_wconf 88' lang='lat' dir='ltr'><strong>potin</strong></span> <span class='ocrx_word' id='word_1_26' title='bbox 312 1004 344 1055; x_wconf 88' lang='lat' dir='ltr'><strong>ut</strong></span> <span class='ocrx_word' id='word_1_27' title='bbox 361 1001 454 1056; x_wconf 85' lang='lat' dir='ltr'><strong>animo</strong></span> <span class='ocrx_word' id='word_1_28' title='bbox 473 1000 508 1054; x_wconf 85' lang='lat' dir='ltr'><strong>sis</strong></span> <span class='ocrx_word' id='word_1_29' title='bbox 527 999 698 1067; x_wconf 80' lang='lat' dir='ltr'><strong>tranquillo?</strong></span> <span class='ocrx_word' id='word_1_30' title='bbox 739 1000 836 1054; x_wconf 71' lang='lat' dir='ltr'><strong>Char:</strong></span> <span class='ocrx_word' id='word_1_31' title='bbox 856 1001 921 1069; x_wconf 91' lang='lat' dir='ltr'><strong>quid</strong></span> <span class='ocrx_word' id='word_1_32' title='bbox 939 1000 963 1055; x_wconf 86' lang='lat' dir='ltr'><strong>si</strong></span> <span class='ocrx_word' id='word_1_33' title='bbox 981 1000 1020 1054; x_wconf 90' lang='lat' dir='ltr'><strong>mi</strong></span> <span class='ocrx_word' id='word_1_34' title='bbox 1037 1001 1146 1056; x_wconf 82' lang='lat' dir='ltr'><strong>animus</strong></span> <span class='ocrx_word' id='word_1_35' title='bbox 1164 1002 1300 1058; x_wconf 78' lang='lat' dir='ltr'><strong>fluctuati</strong></span> 
     </span>
    </p>
   </div>
   <div class='ocr_carea' id='block_1_4' title="bbox 147 1095 1314 1179">
    <p class='ocr_par' dir='ltr' id='par_1_4' title="bbox 147 1095 1314 1179">
     <span class='ocr_line' id='line_1_8' title="bbox 147 1095 1314 1179; baseline -0.003 -14"><span class='ocrx_word' id='word_1_36' title='bbox 147 1101 218 1179; x_wconf 86' lang='lat' dir='ltr'><strong>Qua</strong></span> <span class='ocrx_word' id='word_1_37' title='bbox 242 1100 274 1163; x_wconf 91' lang='lat' dir='ltr'><strong>in</strong></span> <span class='ocrx_word' id='word_1_38' title='bbox 300 1118 334 1162; x_wconf 87' lang='lat' dir='ltr'><strong>re</strong></span> <span class='ocrx_word' id='word_1_39' title='bbox 356 1095 607 1160; x_wconf 83' lang='lat' dir='ltr'><strong>Alexandrinam</strong></span> <span class='ocrx_word' id='word_1_40' title='bbox 631 1095 766 1172; x_wconf 82' lang='lat' dir='ltr'><strong>elegiam</strong></span> <span class='ocrx_word' id='word_1_41' title='bbox 789 1095 931 1177; x_wconf 87' lang='lat' dir='ltr'><strong>pendere</strong></span> <span class='ocrx_word' id='word_1_42' title='bbox 961 1116 1000 1160; x_wconf 84' lang='lat' dir='ltr'><strong>ex</strong></span> <span class='ocrx_word' id='word_1_43' title='bbox 1022 1098 1191 1162; x_wconf 85' lang='lat' dir='ltr'><strong>comoedia</strong></span> <span class='ocrx_word' id='word_1_44' title='bbox 1212 1098 1314 1163; x_wconf 85' lang='lat' dir='ltr'><strong>Attica</strong></span> 
     </span>
    </p>
   </div>
   <div class='ocr_carea' id='block_1_5' title="bbox 147 1195 1252 1821">
    <p class='ocr_par' dir='ltr' id='par_1_5' title="bbox 147 1195 1252 1821">
     <span class='ocr_line' id='line_1_9' title="bbox 147 1195 1252 1283; baseline -0.005 -16"><span class='ocrx_word' id='word_1_45' title='bbox 147 1203 205 1268; x_wconf 87' lang='lat' dir='ltr'><strong>tibi</strong></span> <span class='ocrx_word' id='word_1_46' title='bbox 226 1216 415 1283; x_wconf 88' lang='lat' dir='ltr'><strong>persuasum</strong></span> <span class='ocrx_word' id='word_1_47' title='bbox 439 1196 506 1259; x_wconf 88' lang='lat' dir='ltr'><strong>fore</strong></span> <span class='ocrx_word' id='word_1_48' title='bbox 532 1214 638 1276; x_wconf 88' lang='lat' dir='ltr'><strong>spero,</strong></span> <span class='ocrx_word' id='word_1_49' title='bbox 667 1195 691 1257; x_wconf 90' lang='lat' dir='ltr'><strong>si</strong></span> <span class='ocrx_word' id='word_1_50' title='bbox 717 1196 798 1259; x_wconf 85' lang='lat' dir='ltr'><strong>baec</strong></span> <span class='ocrx_word' id='word_1_51' title='bbox 820 1197 966 1278; x_wconf 86' lang='lat' dir='ltr'><strong>exempla</strong></span> <span class='ocrx_word' id='word_1_52' title='bbox 989 1197 1252 1278; x_wconf 82' lang='lat' dir='ltr'><strong>perlustraveris:</strong></span> 
     </span>
     <span class='ocr_line' id='line_1_10' title="bbox 183 1302 486 1362; baseline -0.033 0"><span class='ocrx_word' id='word_1_53' title='bbox 183 1306 282 1362; x_wconf 80' lang='lat' dir='ltr'><strong>Catull.</strong></span> <span class='ocrx_word' id='word_1_54' title='bbox 303 1302 417 1358; x_wconf 85' lang='lat' dir='ltr'><strong>LXVlll</strong></span> <span class='ocrx_word' id='word_1_55' title='bbox 438 1302 486 1354; x_wconf 83' lang='lat'><strong>107</strong></span> 
     </span>
     <span class='ocr_line' id='line_1_11' title="bbox 459 1391 989 1447; baseline -0.006 0"><span class='ocrx_word' id='word_1_56' title='bbox 459 1397 538 1447; x_wconf 84' lang='lat' dir='ltr'><strong>tanto</strong></span> <span class='ocrx_word' id='word_1_57' title='bbox 557 1396 585 1447; x_wconf 86' lang='lat' dir='ltr'><strong>te</strong></span> <span class='ocrx_word' id='word_1_58' title='bbox 604 1392 752 1447; x_wconf 87' lang='lat' dir='ltr'><strong>absorbens</strong></span> <span class='ocrx_word' id='word_1_59' title='bbox 770 1393 872 1447; x_wconf 80' lang='lat' dir='ltr'><strong>vertice</strong></span> <span class='ocrx_word' id='word_1_60' title='bbox 887 1391 989 1447; x_wconf 84' lang='lat' dir='ltr'><strong>amoris</strong></span> 
     </span>
     <span class='ocr_line' id='line_1_12' title="bbox 344 1480 1010 1549; baseline -0.005 -12"><span class='ocrx_word' id='word_1_61' title='bbox 344 1485 437 1538; x_wconf 85' lang='lat' dir='ltr'><strong>aestus</strong></span> <span class='ocrx_word' id='word_1_62' title='bbox 463 1481 491 1534; x_wconf 90' lang='lat' dir='ltr'><strong>in</strong></span> <span class='ocrx_word' id='word_1_63' title='bbox 511 1480 660 1549; x_wconf 86' lang='lat' dir='ltr'><strong>abruptum</strong></span> <span class='ocrx_word' id='word_1_64' title='bbox 678 1480 817 1536; x_wconf 86' lang='lat' dir='ltr'><strong>detulerat</strong></span> <span class='ocrx_word' id='word_1_65' title='bbox 836 1481 1010 1536; x_wconf 85' lang='lat' dir='ltr'><strong>barathrum.</strong></span> 
     </span>
     <span class='ocr_line' id='line_1_13' title="bbox 184 1576 447 1649; baseline -0.03 -15"><span class='ocrx_word' id='word_1_66' title='bbox 184 1581 265 1649; x_wconf 89' lang='lat' dir='ltr'><strong>Prop.</strong></span> <span class='ocrx_word' id='word_1_67' title='bbox 285 1577 312 1629; x_wconf 91' lang='lat' dir='ltr'><strong>ll</strong></span> <span class='ocrx_word' id='word_1_68' title='bbox 333 1576 447 1643; x_wconf 81' lang='lat' dir='ltr'><strong>l2‚7sq.</strong></span> 
     </span>
     <span class='ocr_line' id='line_1_14' title="bbox 350 1662 1022 1733; baseline -0.001 -12"><span class='ocrx_word' id='word_1_69' title='bbox 350 1667 454 1722; x_wconf 82' lang='lat' dir='ltr'><strong>seilicet</strong></span> <span class='ocrx_word' id='word_1_70' title='bbox 472 1666 579 1720; x_wconf 81' lang='lat' dir='ltr'><strong>alterna</strong></span> <span class='ocrx_word' id='word_1_71' title='bbox 594 1664 726 1733; x_wconf 87' lang='lat' dir='ltr'><strong>quoniam</strong></span> <span class='ocrx_word' id='word_1_72' title='bbox 745 1663 880 1718; x_wconf 81' lang='lat' dir='ltr'><strong>iactamur</strong></span> <span class='ocrx_word' id='word_1_73' title='bbox 898 1663 928 1716; x_wconf 92' lang='lat' dir='ltr'><strong>in</strong></span> <span class='ocrx_word' id='word_1_74' title='bbox 947 1662 1022 1720; x_wconf 79' lang='lat' dir='ltr'><strong>unda</strong></span> 
     </span>
     <span class='ocr_line' id='line_1_15' title="bbox 397 1749 1039 1821; baseline -0.008 -13"><span class='ocrx_word' id='word_1_75' title='bbox 397 1757 546 1821; x_wconf 86' lang='lat' dir='ltr'><strong>nostraque</strong></span> <span class='ocrx_word' id='word_1_76' title='bbox 563 1769 619 1806; x_wconf 90' lang='lat' dir='ltr'><strong>non</strong></span> <span class='ocrx_word' id='word_1_77' title='bbox 637 1751 699 1806; x_wconf 88' lang='lat' dir='ltr'><strong>ullis</strong></span> <span class='ocrx_word' id='word_1_78' title='bbox 718 1754 862 1821; x_wconf 86' lang='lat' dir='ltr'><strong>permanet</strong></span> <span class='ocrx_word' id='word_1_79' title='bbox 880 1768 948 1806; x_wconf 86' lang='lat' dir='ltr'><strong>aura</strong></span> <span class='ocrx_word' id='word_1_80' title='bbox 965 1749 1039 1804; x_wconf 86' lang='lat' dir='ltr'><strong>loeis.</strong></span> 
     </span>
    </p>
   </div>
   <div class='ocr_carea' id='block_1_6' title="bbox 185 1847 962 2009">
    <p class='ocr_par' dir='ltr' id='par_1_6' title="bbox 185 1847 962 2009">
     <span class='ocr_line' id='line_1_16' title="bbox 185 1847 485 1911; baseline -0.02 -6"><span class='ocrx_word' id='word_1_81' title='bbox 185 1849 265 1906; x_wconf 81' lang='lat' dir='ltr'><strong>Ovid.</strong></span> <span class='ocrx_word' id='word_1_82' title='bbox 285 1865 370 1904; x_wconf 85' lang='lat' dir='ltr'><strong>amor.</strong></span> <span class='ocrx_word' id='word_1_83' title='bbox 389 1847 485 1911; x_wconf 82' lang='lat'>114,8</span> 
     </span>
     <span class='ocr_line' id='line_1_17' title="bbox 349 1936 962 2009; baseline -0.007 -13"><span class='ocrx_word' id='word_1_84' title='bbox 349 1941 458 1996; x_wconf 85' lang='lat' dir='ltr'><strong>auferor</strong></span> <span class='ocrx_word' id='word_1_85' title='bbox 475 1943 507 1995; x_wconf 86' lang='lat' dir='ltr'><strong>ut</strong></span> <span class='ocrx_word' id='word_1_86' title='bbox 524 1939 622 2009; x_wconf 85' lang='lat' dir='ltr'><strong>rapida</strong></span> <span class='ocrx_word' id='word_1_87' title='bbox 640 1938 748 1992; x_wconf 84' lang='lat' dir='ltr'><strong>eoneita</strong></span> <span class='ocrx_word' id='word_1_88' title='bbox 763 1936 863 2008; x_wconf 81' lang='lat' dir='ltr'><strong>puppis</strong></span> <span class='ocrx_word' id='word_1_89' title='bbox 881 1953 962 2006; x_wconf 86' lang='lat' dir='ltr'><strong>aqua.</strong></span> 
     </span>
    </p>
   </div>
   <div class='ocr_carea' id='block_1_7' title="bbox 186 2032 1153 2374">
    <p class='ocr_par' dir='ltr' id='par_1_7' title="bbox 186 2032 1153 2374">
     <span class='ocr_line' id='line_1_18' title="bbox 186 2032 824 2103; baseline -0.013 -9"><span class='ocrx_word' id='word_1_90' title='bbox 186 2037 287 2094; x_wconf 86' lang='lat' dir='ltr'><strong>lneerti</strong></span> <span class='ocrx_word' id='word_1_91' title='bbox 303 2033 422 2091; x_wconf 84' lang='lat' dir='ltr'><strong>auctoris</strong></span> <span class='ocrx_word' id='word_1_92' title='bbox 440 2033 526 2103; x_wconf 72' lang='lat' dir='ltr'><strong>epigr.</strong></span> <span class='ocrx_word' id='word_1_93' title='bbox 545 2032 650 2088; x_wconf 85' lang='lat' dir='ltr'><strong>anthol.</strong></span> <span class='ocrx_word' id='word_1_94' title='bbox 670 2032 729 2086; x_wconf 90' lang='lat' dir='ltr'><strong>Pal.</strong></span> <span class='ocrx_word' id='word_1_95' title='bbox 750 2033 772 2083; x_wconf 92' lang='lat' dir='ltr'>V</span> <span class='ocrx_word' id='word_1_96' title='bbox 796 2033 824 2086; x_wconf 94' lang='lat' dir='ltr'><strong>ll</strong></span> 
     </span>
     <span class='ocr_line' id='line_1_19' title="bbox 346 2112 1153 2191; baseline -0.006 -17"><span class='ocrx_word' id='word_1_97' title='bbox 346 2121 371 2175; x_wconf 86' lang='grc' dir='ltr'><em>εἰ</em></span> <span class='ocrx_word' id='word_1_98' title='bbox 391 2117 455 2179; x_wconf 79' lang='grc' dir='ltr'><strong>τοὺς</strong></span> <span class='ocrx_word' id='word_1_99' title='bbox 473 2123 505 2173; x_wconf 81' lang='grc' dir='ltr'><strong>ἐν</strong></span> <span class='ocrx_word' id='word_1_100' title='bbox 524 2121 642 2189; x_wconf 78' lang='grc' dir='ltr'><em>πελάγει</em></span> <span class='ocrx_word' id='word_1_101' title='bbox 658 2121 759 2185; x_wconf 77' lang='grc' dir='ltr'><strong><em>σώζεις,</em></strong></span> <span class='ocrx_word' id='word_1_102' title='bbox 784 2120 885 2191; x_wconf 79' lang='grc' dir='ltr'><em>Κύπρι,</em></span> <span class='ocrx_word' id='word_1_103' title='bbox 904 2117 976 2190; x_wconf 82' lang='grc' dir='ltr'><strong>κάμὲ</strong></span> <span class='ocrx_word' id='word_1_104' title='bbox 994 2112 1043 2171; x_wconf 80' lang='grc' dir='ltr'><strong>τὸν</strong></span> <span class='ocrx_word' id='word_1_105' title='bbox 1078 2137 1093 2169; x_wconf 84' lang='grc' dir='ltr'><em>ν</em></span> <span class='ocrx_word' id='word_1_106' title='bbox 1114 2114 1153 2185; x_wconf 76' lang='grc' dir='ltr'><strong>γᾷ</strong></span> 
     </span>
     <span class='ocr_line' id='line_1_20' title="bbox 401 2205 955 2280; baseline 0 -20"><span class='ocrx_word' id='word_1_107' title='bbox 401 2209 533 2276; x_wconf 76' lang='grc' dir='ltr'><em>ναναγόν,</em></span> <span class='ocrx_word' id='word_1_108' title='bbox 553 2208 632 2280; x_wconf 76' lang='grc' dir='ltr'><em>φιλίῃ</em></span> <span class='ocrx_word' id='word_1_109' title='bbox 650 2205 738 2259; x_wconf 78' lang='grc' dir='ltr'><em>σοῖσον</em></span> <span class='ocrx_word' id='word_1_110' title='bbox 758 2207 955 2278; x_wconf 80' lang='grc' dir='ltr'><em>ἀπολλύμενον.</em></span> 
     </span>
     <span class='ocr_line' id='line_1_21' title="bbox 187 2300 735 2374; baseline -0.009 -18"><span class='ocrx_word' id='word_1_111' title='bbox 187 2300 318 2374; x_wconf 80' lang='lat' dir='ltr'><strong>Meleagri</strong></span> <span class='ocrx_word' id='word_1_112' title='bbox 337 2300 422 2371; x_wconf 79' lang='lat' dir='ltr'><strong>epigr.</strong></span> <span class='ocrx_word' id='word_1_113' title='bbox 442 2302 545 2355; x_wconf 86' lang='lat' dir='ltr'><strong>anthol.</strong></span> <span class='ocrx_word' id='word_1_114' title='bbox 566 2300 622 2354; x_wconf 87' lang='lat' dir='ltr'><strong>Pal.</strong></span> <span class='ocrx_word' id='word_1_115' title='bbox 642 2301 665 2350; x_wconf 93' lang='lat' dir='ltr'>V</span> <span class='ocrx_word' id='word_1_116' title='bbox 688 2302 735 2354; x_wconf 79' lang='lat'><strong>190</strong></span> 
     </span>
    </p>
   </div>
   <div class='ocr_carea' id='block_1_8' title="bbox 154 2391 1321 2947">
    <p class='ocr_par' dir='ltr' id='par_1_8' title="bbox 154 2391 1321 2947">
     <span class='ocr_line' id='line_1_22' title="bbox 348 2391 1095 2466; baseline -0.004 -19"><span class='ocrx_word' id='word_1_117' title='bbox 348 2393 423 2466; x_wconf 75' lang='grc' dir='ltr'><em>κῦμα</em></span> <span class='ocrx_word' id='word_1_118' title='bbox 443 2391 473 2448; x_wconf 83' lang='grc' dir='ltr'><strong>τὸ</strong></span> <span class='ocrx_word' id='word_1_119' title='bbox 492 2391 595 2466; x_wconf 83' lang='grc' dir='ltr'><em>πικρὸν</em></span> <span class='ocrx_word' id='word_1_120' title='bbox 610 2392 729 2464; x_wconf 84' lang='grc' dir='ltr'><strong><em>’Ἑρωτος</em></strong></span> <span class='ocrx_word' id='word_1_121' title='bbox 748 2394 894 2464; x_wconf 80' lang='grc' dir='ltr'><em>ἀκοίμηιοί</em></span> <span class='ocrx_word' id='word_1_122' title='bbox 915 2409 944 2444; x_wconf 83' lang='grc' dir='ltr'><em>ιε</em></span> <span class='ocrx_word' id='word_1_123' title='bbox 961 2409 1095 2450; x_wconf 79' lang='grc' dir='ltr'><em>πνεοντες</em></span> 
     </span>
     <span class='ocr_line' id='line_1_23' title="bbox 400 2476 1102 2553; baseline -0.009 -18"><span class='ocrx_word' id='word_1_124' title='bbox 400 2481 475 2553; x_wconf 77' lang='grc' dir='ltr'><em>ζῆλοι</em></span> <span class='ocrx_word' id='word_1_125' title='bbox 493 2483 541 2535; x_wconf 80' lang='grc' dir='ltr'><strong>καὶ</strong></span> <span class='ocrx_word' id='word_1_126' title='bbox 560 2483 659 2553; x_wconf 80' lang='grc' dir='ltr'><em>κώμων</em></span> <span class='ocrx_word' id='word_1_127' title='bbox 674 2481 822 2552; x_wconf 72' lang='grc' dir='ltr'><em>χειμέριον</em></span> <span class='ocrx_word' id='word_1_128' title='bbox 840 2480 969 2548; x_wconf 76' lang='grc' dir='ltr'><em>πέλαγος,</em></span> <span class='ocrx_word' id='word_1_129' title='bbox 1100 2476 1102 2481; x_wconf 75' lang='grc'><strong>’</strong></span> 
     </span>
     <span class='ocr_line' id='line_1_24' title="bbox 349 2567 1186 2643; baseline -0.004 -22"><span class='ocrx_word' id='word_1_130' title='bbox 349 2569 404 2623; x_wconf 83' lang='grc' dir='ltr'><strong><em>παῦ</em></strong></span> <span class='ocrx_word' id='word_1_131' title='bbox 423 2573 546 2643; x_wconf 80' lang='grc' dir='ltr'><em>φέρομαι</em></span> <span class='ocrx_word' id='word_1_132' title='bbox 551 2591 563 2637; x_wconf 82' lang='grc'><strong>,·</strong></span> <span class='ocrx_word' id='word_1_133' title='bbox 580 2570 669 2638; x_wconf 80' lang='grc' dir='ltr'><em>πάντη</em></span> <span class='ocrx_word' id='word_1_134' title='bbox 688 2567 717 2620; x_wconf 69' lang='lat' dir='ltr'><strong>dd</strong></span> <span class='ocrx_word' id='word_1_135' title='bbox 736 2567 848 2637; x_wconf 76' lang='grc' dir='ltr'><em>φρενῶν</em></span> <span class='ocrx_word' id='word_1_136' title='bbox 866 2567 963 2626; x_wconf 84' lang='grc' dir='ltr'><em>οἴακες</em></span> <span class='ocrx_word' id='word_1_137' title='bbox 981 2568 1111 2634; x_wconf 81' lang='grc' dir='ltr'><em>ἀφεῖνται</em></span> <span class='ocrx_word' id='word_1_138' title='bbox 1129 2583 1186 2635; x_wconf 84' lang='lat' dir='ltr'><strong>eqs.</strong></span> 
     </span>
     <span class='ocr_line' id='line_1_25' title="bbox 154 2658 1320 2747; baseline 0.003 -27"><span class='ocrx_word' id='word_1_139' title='bbox 154 2658 339 2727; x_wconf 77' lang='lat' dir='ltr'><strong>Philostrati</strong></span> <span class='ocrx_word' id='word_1_140' title='bbox 362 2665 452 2746; x_wconf 89' lang='lat' dir='ltr'><strong>epist.</strong></span> <span class='ocrx_word' id='word_1_141' title='bbox 474 2668 515 2729; x_wconf 90' lang='lat'><strong>50</strong></span> <span class='ocrx_word' id='word_1_142' title='bbox 538 2660 778 2745; x_wconf 72' lang='grc' dir='ltr'><em>ἐμπρόθεσμον</em></span> <span class='ocrx_word' id='word_1_143' title='bbox 800 2663 905 2725; x_wconf 78' lang='grc' dir='ltr'><em>ἐκεῖνο</em></span> <span class='ocrx_word' id='word_1_144' title='bbox 926 2660 964 2724; x_wconf 79' lang='grc' dir='ltr'><strong>τὸ</strong></span> <span class='ocrx_word' id='word_1_145' title='bbox 987 2658 1152 2741; x_wconf 72' lang='grc' dir='ltr'><em>ναυάγιον,</em></span> <span class='ocrx_word' id='word_1_146' title='bbox 1174 2660 1230 2723; x_wconf 77' lang='grc' dir='ltr'><strong>καὶ</strong></span> <span class='ocrx_word' id='word_1_147' title='bbox 1253 2677 1320 2747; x_wconf 67' lang='lat' dir='ltr'><strong>opo·</strong></span> 
     </span>
     <span class='ocr_line' id='line_1_26' title="bbox 154 2759 1321 2846; baseline 0.004 -28"><span class='ocrx_word' id='word_1_148' title='bbox 154 2759 233 2838; x_wconf 88' lang='grc' dir='ltr'><em>κρόν</em></span> <span class='ocrx_word' id='word_1_149' title='bbox 255 2784 301 2834; x_wconf 83' lang='grc' dir='ltr'><strong>τις</strong></span> <span class='ocrx_word' id='word_1_150' title='bbox 322 2763 503 2846; x_wconf 70' lang='grc' dir='ltr'><em>ἀναμείνας</em></span> <span class='ocrx_word' id='word_1_151' title='bbox 519 2769 677 2845; x_wconf 82' lang='grc' dir='ltr'><em>σωτηρίας</em></span> <span class='ocrx_word' id='word_1_152' title='bbox 693 2760 832 2844; x_wconf 77' lang='grc' dir='ltr'><em>ηὐπόρει</em></span> <span class='ocrx_word' id='word_1_153' title='bbox 854 2763 990 2843; x_wconf 77' lang='grc' dir='ltr'><em>δένδρον·</em></span> <span class='ocrx_word' id='word_1_154' title='bbox 1012 2761 1115 2841; x_wconf 74' lang='grc' dir='ltr'><em>εὑρών</em></span> <span class='ocrx_word' id='word_1_155' title='bbox 1130 2762 1165 2824; x_wconf 77' lang='grc' dir='ltr'><strong>ὲν</strong></span> <span class='ocrx_word' id='word_1_156' title='bbox 1182 2761 1321 2842; x_wconf 75' lang='grc' dir='ltr'><em>πελάγει,</em></span> 
     </span>
     <span class='ocr_line' id='line_1_27' title="bbox 155 2859 1320 2947; baseline 0.004 -28"><span class='ocrx_word' id='word_1_157' title='bbox 155 2859 173 2919; x_wconf 82' lang='lat' dir='ltr'><strong>o‘</strong></span> <span class='ocrx_word' id='word_1_158' title='bbox 193 2860 222 2920; x_wconf 78' lang='grc' dir='ltr'><strong>δ’</strong></span> <span class='ocrx_word' id='word_1_159' title='bbox 242 2861 274 2931; x_wconf 82' lang='grc' dir='ltr'><strong>ἐς</strong></span> <span class='ocrx_word' id='word_1_160' title='bbox 288 2862 411 2944; x_wconf 74' lang='grc' dir='ltr'><em>ταύτην</em></span> <span class='ocrx_word' id='word_1_161' title='bbox 429 2859 524 2938; x_wconf 74' lang='grc' dir='ltr'><em>ἅπαξ</em></span> <span class='ocrx_word' id='word_1_162' title='bbox 539 2865 599 2947; x_wconf 77' lang='grc' dir='ltr'><strong>τήν</strong></span> <span class='ocrx_word' id='word_1_163' title='bbox 618 2861 793 2926; x_wconf 68' lang='grc' dir='ltr'><em>θάλατταν</em></span> <span class='ocrx_word' id='word_1_164' title='bbox 816 2862 1006 2944; x_wconf 81' lang='grc' dir='ltr'><em>καταῤῥνεὶς</em></span> <span class='ocrx_word' id='word_1_165' title='bbox 1027 2862 1134 2927; x_wconf 64' lang='lat' dir='ltr'><strong>utinam</strong></span> <span class='ocrx_word' id='word_1_166' title='bbox 1150 2865 1320 2946; x_wconf 75' lang='grc' dir='ltr'><em>ἐξέρχεται.</em></span> 
     </span>
    </p>
   </div>
   <div class='ocr_carea' id='block_1_9' title="bbox 156 2986 1322 3374">
    <p class='ocr_par' dir='ltr' id='par_1_9' title="bbox 156 2986 1322 3374">
     <span class='ocr_line' id='line_1_28' title="bbox 239 2986 1322 3071; baseline 0.001 -21"><span class='ocrx_word' id='word_1_167' title='bbox 239 2986 320 3051; x_wconf 89' lang='lat' dir='ltr'><strong>Cum</strong></span> <span class='ocrx_word' id='word_1_168' title='bbox 344 3009 436 3053; x_wconf 89' lang='lat' dir='ltr'><strong>amor</strong></span> <span class='ocrx_word' id='word_1_169' title='bbox 457 2993 525 3054; x_wconf 89' lang='lat' dir='ltr'><strong>tam</strong></span> <span class='ocrx_word' id='word_1_170' title='bbox 549 2992 656 3071; x_wconf 82' lang='lat' dir='ltr'><strong>gravis</strong></span> <span class='ocrx_word' id='word_1_171' title='bbox 679 3012 717 3056; x_wconf 84' lang='lat' dir='ltr'><strong>ao</strong></span> <span class='ocrx_word' id='word_1_172' title='bbox 741 2992 915 3056; x_wconf 89' lang='lat' dir='ltr'><strong>vehemens</strong></span> <span class='ocrx_word' id='word_1_173' title='bbox 929 2992 1062 3056; x_wconf 86' lang='lat' dir='ltr'><strong>morbus</strong></span> <span class='ocrx_word' id='word_1_174' title='bbox 1078 2990 1129 3068; x_wconf 72' lang='lat' dir='ltr'><strong>sit,</strong></span> <span class='ocrx_word' id='word_1_175' title='bbox 1151 2989 1322 3054; x_wconf 91' lang='lat' dir='ltr'><strong>iuvenes</strong></span> 
     </span>
     <span class='ocr_line' id='line_1_29' title="bbox 156 3086 1320 3173; baseline 0.003 -24"><span class='ocrx_word' id='word_1_176' title='bbox 156 3086 193 3149; x_wconf 93' lang='lat' dir='ltr'><strong>in</strong></span> <span class='ocrx_word' id='word_1_177' title='bbox 226 3087 399 3166; x_wconf 56' lang='lat' dir='ltr'><strong>fabulis</strong></span> <span class='ocrx_word' id='word_1_178' title='bbox 443 3091 474 3153; x_wconf 88' lang='lat' dir='ltr'><strong>si</strong></span> <span class='ocrx_word' id='word_1_179' title='bbox 515 3091 614 3172; x_wconf 90' lang='lat' dir='ltr'><strong>quid</strong></span> <span class='ocrx_word' id='word_1_180' title='bbox 645 3112 720 3173; x_wconf 86' lang='lat' dir='ltr'><strong>per</strong></span> <span class='ocrx_word' id='word_1_181' title='bbox 756 3092 1004 3156; x_wconf 80' lang='lat' dir='ltr'><strong>indomitam</strong></span> <span class='ocrx_word' id='word_1_182' title='bbox 1045 3089 1320 3171; x_wconf 83' lang='lat' dir='ltr'><strong>cupiditatem</strong></span> 
     </span>
     <span class='ocr_line' id='line_1_30' title="bbox 157 3180 1322 3273; baseline 0.003 -24"><span class='ocrx_word' id='word_1_183' title='bbox 157 3189 474 3266; x_wconf 83' lang='lat' dir='ltr'><strong>commiserunt,</strong></span> <span class='ocrx_word' id='word_1_184' title='bbox 511 3191 676 3255; x_wconf 87' lang='lat' dir='ltr'><strong>veniam</strong></span> <span class='ocrx_word' id='word_1_185' title='bbox 718 3192 799 3256; x_wconf 91' lang='lat' dir='ltr'><strong>sibi</strong></span> <span class='ocrx_word' id='word_1_186' title='bbox 830 3195 996 3273; x_wconf 84' lang='lat' dir='ltr'><strong>petunt,</strong></span> <span class='ocrx_word' id='word_1_187' title='bbox 1037 3190 1158 3273; x_wconf 90' lang='lat' dir='ltr'><strong>quasi</strong></span> <span class='ocrx_word' id='word_1_188' title='bbox 1188 3180 1322 3255; x_wconf 83' lang='lat' dir='ltr'><strong>animo</strong></span> 
     </span>
     <span class='ocr_line' id='line_1_31' title="bbox 156 3289 1322 3374; baseline 0.003 -24"><span class='ocrx_word' id='word_1_189' title='bbox 156 3289 410 3368; x_wconf 84' lang='lat' dir='ltr'><strong>perturbato</strong></span> <span class='ocrx_word' id='word_1_190' title='bbox 450 3290 514 3353; x_wconf 85' lang='lat' dir='ltr'><strong>vel</strong></span> <span class='ocrx_word' id='word_1_191' title='bbox 547 3291 698 3355; x_wconf 88' lang='lat' dir='ltr'><strong>insano</strong></span> <span class='ocrx_word' id='word_1_192' title='bbox 730 3311 867 3373; x_wconf 86' lang='lat' dir='ltr'><strong>neque</strong></span> <span class='ocrx_word' id='word_1_193' title='bbox 898 3311 971 3356; x_wconf 91' lang='lat' dir='ltr'><strong>sua</strong></span> <span class='ocrx_word' id='word_1_194' title='bbox 1004 3295 1154 3373; x_wconf 91' lang='lat' dir='ltr'><strong>sponte</strong></span> <span class='ocrx_word' id='word_1_195' title='bbox 1182 3308 1322 3374; x_wconf 85' lang='lat' dir='ltr'><strong>pecca·</strong></span> 
     </span>
    </p>
   </div>
   <div class='ocr_carea' id='block_1_10' title="bbox 157 3387 1322 3564">
    <p class='ocr_par' dir='ltr' id='par_1_10' title="bbox 157 3387 1322 3564">
     <span class='ocr_line' id='line_1_32' title="bbox 157 3387 1322 3474; baseline 0.003 -26"><span class='ocrx_word' id='word_1_196' title='bbox 157 3387 305 3451; x_wconf 84' lang='lat' dir='ltr'><strong>verint.</strong></span> <span class='ocrx_word' id='word_1_197' title='bbox 336 3387 460 3465; x_wconf 88' lang='lat' dir='ltr'><strong>Quibus</strong></span> <span class='ocrx_word' id='word_1_198' title='bbox 476 3392 735 3456; x_wconf 82' lang='lat' dir='ltr'><strong>excusationibus</strong></span> <span class='ocrx_word' id='word_1_199' title='bbox 751 3411 847 3470; x_wconf 83' lang='lat' dir='ltr'><strong>nunc,</strong></span> <span class='ocrx_word' id='word_1_200' title='bbox 868 3392 893 3455; x_wconf 92' lang='lat' dir='ltr'><strong>si</strong></span> <span class='ocrx_word' id='word_1_201' title='bbox 907 3392 1022 3473; x_wconf 86' lang='lat' dir='ltr'><strong>placet,</strong></span> <span class='ocrx_word' id='word_1_202' title='bbox 1039 3410 1134 3456; x_wconf 86' lang='lat' dir='ltr'><strong>aures</strong></span> <span class='ocrx_word' id='word_1_203' title='bbox 1150 3391 1322 3474; x_wconf 80' lang='lat' dir='ltr'><strong>praebeas:</strong></span> 
     </span>
     <span class='ocr_line' id='line_1_33' title="bbox 192 3493 528 3564; baseline 0.015 -20"><span class='ocrx_word' id='word_1_204' title='bbox 192 3493 280 3547; x_wconf 86' lang='lat' dir='ltr'><strong>Plaut.</strong></span> <span class='ocrx_word' id='word_1_205' title='bbox 300 3494 388 3548; x_wconf 87' lang='lat' dir='ltr'><strong>Aulul.</strong></span> <span class='ocrx_word' id='word_1_206' title='bbox 408 3495 457 3548; x_wconf 77' lang='lat'><strong>737</strong></span> <span class='ocrx_word' id='word_1_207' title='bbox 470 3513 528 3564; x_wconf 85' lang='lat' dir='ltr'><strong>sqq.</strong></span> 
     </span>
    </p>
   </div>
   <div class='ocr_carea' id='block_1_11' title="bbox 158 3585 1310 3836">
    <p class='ocr_par' dir='ltr' id='par_1_11' title="bbox 158 3585 1310 3836">
     <span class='ocr_line' id='line_1_34' title="bbox 159 3585 1310 3658; baseline -0.002 -17"><span class='ocrx_word' id='word_1_208' title='bbox 159 3589 235 3658; x_wconf 70' lang='lat' dir='ltr'><strong>Lyd:</strong></span> <span class='ocrx_word' id='word_1_209' title='bbox 265 3589 330 3644; x_wconf 87' lang='lat' dir='ltr'><strong>deus</strong></span> <span class='ocrx_word' id='word_1_210' title='bbox 348 3589 481 3658; x_wconf 89' lang='lat' dir='ltr'><strong>impulsor</strong></span> <span class='ocrx_word' id='word_1_211' title='bbox 499 3590 568 3643; x_wconf 87' lang='lat' dir='ltr'><strong>mihi</strong></span> <span class='ocrx_word' id='word_1_212' title='bbox 588 3589 649 3658; x_wconf 76' lang='lat' dir='ltr'><strong>fuit,</strong></span> <span class='ocrx_word' id='word_1_213' title='bbox 668 3589 691 3642; x_wconf 90' lang='lat' dir='ltr'><strong>is</strong></span> <span class='ocrx_word' id='word_1_214' title='bbox 705 3606 749 3644; x_wconf 90' lang='lat' dir='ltr'><strong>me</strong></span> <span class='ocrx_word' id='word_1_215' title='bbox 767 3589 802 3643; x_wconf 89' lang='lat' dir='ltr'><strong>ad</strong></span> <span class='ocrx_word' id='word_1_216' title='bbox 820 3588 895 3643; x_wconf 87' lang='lat' dir='ltr'><strong>illam</strong></span> <span class='ocrx_word' id='word_1_217' title='bbox 914 3589 1008 3642; x_wconf 83' lang='lat' dir='ltr'><strong>illexit.</strong></span> <span class='ocrx_word' id='word_1_218' title='bbox 1045 3587 1136 3642; x_wconf 80' lang='lat' dir='ltr'><strong>Euel:</strong></span> <span class='ocrx_word' id='word_1_219' title='bbox 1153 3585 1310 3658; x_wconf 72' lang='lat' dir='ltr'><strong>quomodo?</strong></span> 
     </span>
     <span class='ocr_line' id='line_1_35' title="bbox 158 3677 1052 3747; baseline 0.003 -18"><span class='ocrx_word' id='word_1_220' title='bbox 158 3677 236 3745; x_wconf 84' lang='lat' dir='ltr'><strong>Lye:</strong></span> <span class='ocrx_word' id='word_1_221' title='bbox 261 3678 351 3732; x_wconf 85' lang='lat' dir='ltr'><strong>fateor</strong></span> <span class='ocrx_word' id='word_1_222' title='bbox 368 3678 520 3747; x_wconf 83' lang='lat' dir='ltr'><strong>peooavisse</strong></span> <span class='ocrx_word' id='word_1_223' title='bbox 538 3681 566 3732; x_wconf 84' lang='lat' dir='ltr'><strong>et</strong></span> <span class='ocrx_word' id='word_1_224' title='bbox 584 3694 627 3732; x_wconf 88' lang='lat' dir='ltr'><strong>me</strong></span> <span class='ocrx_word' id='word_1_225' title='bbox 646 3679 753 3746; x_wconf 86' lang='lat' dir='ltr'><strong>eulpam</strong></span> <span class='ocrx_word' id='word_1_226' title='bbox 775 3677 965 3732; x_wconf 87' lang='lat' dir='ltr'><strong>commeritum</strong></span> <span class='ocrx_word' id='word_1_227' title='bbox 983 3677 1052 3741; x_wconf 89' lang='lat' dir='ltr'><strong>sei0;</strong></span> 
     </span>
     <span class='ocr_line' id='line_1_36' title="bbox 158 3764 1101 3836; baseline 0.001 -20"><span class='ocrx_word' id='word_1_228' title='bbox 158 3765 186 3816; x_wconf 91' lang='lat' dir='ltr'><strong>id</strong></span> <span class='ocrx_word' id='word_1_229' title='bbox 206 3764 274 3818; x_wconf 87' lang='lat' dir='ltr'><strong>adeo</strong></span> <span class='ocrx_word' id='word_1_230' title='bbox 293 3768 320 3818; x_wconf 85' lang='lat' dir='ltr'><strong>te</strong></span> <span class='ocrx_word' id='word_1_231' title='bbox 340 3769 448 3819; x_wconf 85' lang='lat' dir='ltr'><strong>oratum</strong></span> <span class='ocrx_word' id='word_1_232' title='bbox 468 3765 594 3830; x_wconf 85' lang='lat' dir='ltr'><strong>adveni0,</strong></span> <span class='ocrx_word' id='word_1_233' title='bbox 613 3769 645 3817; x_wconf 85' lang='lat' dir='ltr'><strong>ut</strong></span> <span class='ocrx_word' id='word_1_234' title='bbox 663 3766 756 3819; x_wconf 86' lang='lat' dir='ltr'><strong>animo</strong></span> <span class='ocrx_word' id='word_1_235' title='bbox 776 3782 862 3834; x_wconf 88' lang='lat' dir='ltr'><strong>aequo</strong></span> <span class='ocrx_word' id='word_1_236' title='bbox 882 3766 1005 3836; x_wconf 80' lang='lat' dir='ltr'><strong>ignoscas</strong></span> <span class='ocrx_word' id='word_1_237' title='bbox 1024 3764 1101 3818; x_wconf 89' lang='lat' dir='ltr'><strong>mihi.</strong></span> 
     </span>
    </p>
   </div>
   <div class='ocr_carea' id='block_1_12' title="bbox 158 3859 1171 4112">
    <p class='ocr_par' dir='ltr' id='par_1_12' title="bbox 158 3859 1171 4112">
     <span class='ocr_line' id='line_1_37' title="bbox 193 3859 496 3926; baseline -0.003 -15"><span class='ocrx_word' id='word_1_238' title='bbox 193 3859 281 3912; x_wconf 86' lang='lat' dir='ltr'><strong>Plaut.</strong></span> <span class='ocrx_word' id='word_1_239' title='bbox 301 3859 359 3912; x_wconf 90' lang='lat' dir='ltr'><strong>Mil.</strong></span> <span class='ocrx_word' id='word_1_240' title='bbox 378 3859 443 3912; x_wconf 78' lang='lat'>1251</span> <span class='ocrx_word' id='word_1_241' title='bbox 457 3875 496 3926; x_wconf 89' lang='lat' dir='ltr'><strong>sq.</strong></span> 
     </span>
     <span class='ocr_line' id='line_1_38' title="bbox 158 3948 1171 4021; baseline -0.002 -17"><span class='ocrx_word' id='word_1_242' title='bbox 158 3951 180 4005; x_wconf 88' lang='lat' dir='ltr'><strong>si</strong></span> <span class='ocrx_word' id='word_1_243' title='bbox 199 3951 305 4006; x_wconf 87' lang='lat' dir='ltr'><strong>amavit</strong></span> <span class='ocrx_word' id='word_1_244' title='bbox 324 3970 465 4021; x_wconf 87' lang='lat' dir='ltr'><strong>umquam.</strong></span> <span class='ocrx_word' id='word_1_245' title='bbox 484 3953 533 4004; x_wconf 83' lang='lat' dir='ltr'><strong>aut</strong></span> <span class='ocrx_word' id='word_1_246' title='bbox 551 3949 574 4002; x_wconf 91' lang='lat' dir='ltr'><strong>si</strong></span> <span class='ocrx_word' id='word_1_247' title='bbox 592 3966 685 4017; x_wconf 86' lang='lat' dir='ltr'><strong>parem</strong></span> <span class='ocrx_word' id='word_1_248' title='bbox 705 3948 870 4017; x_wconf 84' lang='lat' dir='ltr'><strong>sapientiam</strong></span> <span class='ocrx_word' id='word_1_249' title='bbox 889 3949 975 4004; x_wconf 86' lang='lat' dir='ltr'><strong>habet</strong></span> <span class='ocrx_word' id='word_1_250' title='bbox 993 3966 1025 4003; x_wconf 85' lang='lat' dir='ltr'><strong>ac</strong></span> <span class='ocrx_word' id='word_1_251' title='bbox 1043 3949 1171 4019; x_wconf 83' lang='lat' dir='ltr'><strong>formam,</strong></span> 
     </span>
     <span class='ocr_line' id='line_1_39' title="bbox 158 4037 1000 4112; baseline -0.005 -17"><span class='ocrx_word' id='word_1_252' title='bbox 158 4059 206 4112; x_wconf 89' lang='lat' dir='ltr'><strong>per</strong></span> <span class='ocrx_word' id='word_1_253' title='bbox 224 4057 345 4094; x_wconf 86' lang='lat' dir='ltr'><strong>amorem</strong></span> <span class='ocrx_word' id='word_1_254' title='bbox 364 4039 386 4092; x_wconf 85' lang='lat' dir='ltr'><strong>si</strong></span> <span class='ocrx_word' id='word_1_255' title='bbox 405 4039 471 4108; x_wconf 89' lang='lat' dir='ltr'><strong>quid</strong></span> <span class='ocrx_word' id='word_1_256' title='bbox 489 4040 585 4101; x_wconf 83' lang='lat' dir='ltr'><strong>seuero,</strong></span> <span class='ocrx_word' id='word_1_257' title='bbox 611 4038 739 4094; x_wconf 87' lang='lat' dir='ltr'><strong>elementi</strong></span> <span class='ocrx_word' id='word_1_258' title='bbox 758 4038 851 4093; x_wconf 86' lang='lat' dir='ltr'><strong>animo</strong></span> <span class='ocrx_word' id='word_1_259' title='bbox 869 4037 1000 4109; x_wconf 82' lang='lat' dir='ltr'><strong>ignoscet.</strong></span> 
     </span>
    </p>
   </div>
   <div class='ocr_carea' id='block_1_13' title="bbox 0 0 1497 4734">
    <p class='ocr_par' dir='ltr' id='par_1_13' title="bbox 0 0 1497 4734">
     <span class='ocr_line' id='line_1_40' title="bbox 0 0 1497 4734; baseline 0 0"><span class='ocrx_word' id='word_1_260' title='bbox 0 0 1497 4734; x_wconf 95' lang='lat' dir='ltr'><strong> </strong></span> 
     </span>
    </p>
   </div>
  </div>
 </body>
</html>
