2946 4734
712 231 751 295 47

192 453 197 461 -
359 415 474 495 ἔκφυγε
495 411 555 497 τήν
575 412 686 494 βιότου
706 414 842 474 θᾶσσον·
866 411 1088 498 οέλιτροσύιην.

147 519 176 577 et
200 534 226 578 c.
249 514 318 578 308.
341 518 412 586 llll:

210 612 294 677 α’λλοέ
312 636 355 694 με
374 612 419 694 μή
441 611 570 684 κλαίοις·
592 612 646 674 καὶ
664 613 724 693 yolo
742 613 865 694 βιότοιο
882 621 1041 694 μετέσχον

251 713 389 794 παύρου,
412 713 465 775 καὶ
489 710 625 793 παύρων
646 715 712 773 τοῖν
732 711 855 794 βιότοιο
877 716 992 778 κακῶν.

230 831 389 909 Quartum
411 836 520 894 autem
541 835 777 911 argumentum,
808 831 925 912 gloriae
947 850 1028 912 spes,
1058 831 1240 912 saepissime
1261 832 1317 896 ad-

150 929 274 993 hibetur
295 931 325 993 in
348 931 538 1010 anthologia.
582 931 629 994 lta
652 931 845 994 carminibus
868 932 903 993 ll
927 936 957 994 et
981 931 1019 993 19
1042 929 1266 1011 Ascelepiades
1288 935 1320 995 et

151 1031 288 1094 incertus
309 1030 442 1110 quidam
463 1030 615 1093 Erinnam
645 1049 773 1111 semper
799 1031 830 1094 in
861 1030 1008 1094 laudibus
1029 1034 1230 1094 versaturum
1251 1051 1319 1094 esse

150 1130 356 1204 contendunt,
388 1135 418 1192 et
447 1128 578 1209 Pinytus
601 1129 785 1213 Tylliusque
813 1129 976 1193 celebrant
1004 1129 1153 1212 Sapphus
1178 1132 1318 1195 carmina

150 1230 351 1294 immortalia.
389 1231 467 1295 ltem
489 1230 621 1310 gloriam
643 1232 731 1311 quasi
757 1230 956 1294 consolantes
982 1234 1145 1294 ostentant
1168 1231 1224 1294 Ion
1241 1251 1267 1294 c.
1283 1232 1323 1295 43

151 1329 194 1412 (in
219 1330 411 1409 Euripideml
434 1350 485 1393 vr.
508 1330 576 1401 Sit:

212 1444 286 1508 ἴσθι
307 1445 337 1506 δ’
359 1445 425 1506 atrro
447 1447 568 1525 χθονδς
589 1441 643 1524 (δν,
667 1441 717 1508 ὅτι
740 1463 792 1509 σοι
812 1445 901 1518 κλέος
922 1439 1070 1528 ἄφθιτον
1092 1447 1184 1508 ἔσται

257 1535 330 1608 ι’σοιΙ
349 1544 526 1628 Ὁμηρειάις
545 1546 676 1618 αἐνοίοις
696 1543 835 1625 χάρισιν.

151 1644 309 1725 Meleager
330 1665 356 1708 c.
381 1646 422 1708 80
444 1643 487 1725 (in
512 1644 720 1726 Heraclitum)
743 1646 808 1718 uror

217 1741 253 1804 αἱ
273 1743 311 1804 δὲ
332 1742 403 1804 τεαὶ
427 1743 560 1821 ζώουσιν
582 1743 729 1822 οἷηδόνες,
749 1732 862 1827 ᾗσινδ
886 1743 1022 1804 πάντων

255 1840 424 1926 οὲρπακτὴς
439 1842 548 1924 Ἀΐδης,
573 1841 632 1904 ον’κ
654 1842 711 1905 έπὶ
732 1845 827 1922 χεῖρα
847 1842 950 1923 βαλεῖ.

153 1942 239 2004 idem
262 1961 288 2004 c.
310 1941 370 2005 498
394 1941 437 2023 (in
459 1942 664 2024 Antipatrum
686 1940 764 2022 Sid.)
787 1943 893 2015 rach:

524 2042 560 2102 τδ
583 2040 612 2102 δ’
635 2035 760 2122 οὔνομα
781 2046 898 2122 πέτρος
919 2039 1033 2118 αἐίδει,

218 2137 437 2217 Ἀντίπατρον,
460 2139 626 2220 προγόνων
646 2139 740 2222 φύντ’
761 2140 822 2203 α’π’
843 2141 1049 2221 ἐρισθενέων.

152 2237 262 2300 incerti
285 2257 312 2298 c.
336 2238 405 2301 995.
425 2239 492 2310 516ι

215 2330 342 2416 οὕνομα
364 2334 429 2423 μήν
449 2333 550 2422 ἥρωος
566 2337 618 2400 αέὶ
642 2346 723 2401 νέον·
746 2337 786 2401 ον’
804 2338 864 2419 yolo
887 2336 1004 2411 αόιδοὶς

254 2433 414 2516 α’μβλύειν
435 2435 525 2517 αιίδν,
546 2432 607 2523 κῆν
629 2438 738 2522 ἐθέλῃ,
762 2435 908 2502 δύναται.

155 2551 182 2597 c.
205 2533 263 2596 951
290 2534 356 2606 art:

217 2629 255 2692 ori
275 2635 417 2697 τεθνᾶσι
438 2631 608 2712 θανόντες,
632 2634 706 2697 ἐπεὶ
726 2635 783 2717 σφ’
804 2634 904 2716 α’ρετὴ
925 2630 1147 2713 καθύπερθεν

255 2730 439 2796 κνδαίνοοσ’
463 2731 581 2813 α’νοίγει
601 2731 751 2814 δώματος
770 2735 806 2810 ἐξ
825 2734 941 2798 Ἀΐδεω.

155 2848 181 2893 c.
203 2829 272 2894 958.
294 2830 327 2892 4:

212 2927 386 2992 aniliacam
407 2928 436 2990 δ’
457 2929 573 3012 αρετῇς
593 2930 693 3012 μνῆμ’
716 2930 828 2993 ἔλιπον
851 2935 1015 3012 φθίμενοι.

156 3025 345 3108 Damagetes
367 3048 392 3090 c.
415 3029 484 3090 541.
508 3033 544 3092 5:

216 3126 270 3186 ναὶ
291 3125 356 3211 μήν
376 3125 445 3190 ἀλλ’
466 3127 583 3210 αἱρετῆς
605 3148 642 3192 σε
664 3128 830 3209 διακριδὸν
845 3119 925 3200 Ἀλις
945 3127 1049 3190 οἷείδει
1068 3125 1133 3189 κτλ.

157 3244 255 3289 carm.
277 3226 347 3289 690.
373 3229 437 3297 112:

219 3322 297 3386 οὐδὲ
315 3326 432 3388 θανιδν
452 3326 542 3400 κλέος
563 3326 689 3391 ἐσθλδν
709 3325 887 3400 α’πώλεσας
906 3327 938 3399 ἐς
958 3323 1067 3405 χθόνα
1089 3328 1213 3402 πᾶσαν,

263 3422 333 3486 ἄλλ’
356 3426 403 3485 ἔτι
427 3427 484 3507 σῆς
502 3427 605 3511 φυχῆς
626 3425 733 3505 α’γλατὲ
757 3424 870 3488 πάντα
889 3433 979 3506 μένει
999 3424 1065 3485 κτλ.

157 3528 357 3595 Carminibus
377 3531 438 3594 394
461 3535 492 3595 et
511 3532 572 3596 595
594 3532 737 3597 Julianus
752 3534 928 3616 Aegyptius
949 3531 1056 3594 laudat
1077 3528 1234 3592 Theodori
1256 3525 1324 3607 glo·

158 3630 240 3693 riam
260 3630 418 3711 poeticam
440 3631 676 3713 sempiternam.
720 3631 870 3697 Carmina
891 3634 999 3695 autem
1020 3630 1076 3694 931
1109 3634 1139 3693 et
1160 3624 1323 3690 tal-2137

158 3729 339 3810 exprimunt
360 3730 535 3811 Spartanos
562 3732 654 3811 fugae
682 3731 842 3813 praeferre
868 3734 1013 3795 mortem.
1060 3728 1181 3793 Eodem
1209 3725 1325 3806 gloriae

159 3846 268 3892 amore
295 3832 472 3892 commotus
493 3829 603 3894 Aelius
625 3851 651 3894 c.
674 3831 735 3894 993
757 3831 875 3912 gaudet
890 3829 985 3911 gladii
1006 3830 1111 3911 potius
1133 3829 1195 3890 ictu
1218 3845 1251 3888 se
1274 3843 1325 3888 ex·

158 3927 295 4009 spirasse
316 3946 416 4010 quam
437 3928 624 3993 morborum
642 3929 804 4012 languore.

240 4023 458 4090 PraetereaV
487 4031 711 4110 argumentum
742 4030 828 4112 quod
859 4029 906 4092 ast
938 4026 977 4089 de
1003 4027 1112 4092 funere
1135 4027 1269 4093 occurrit
1291 4027 1323 4090 in
