2946 4734
705 233 747 299 15

238 408 430 496 Oedipus
453 432 514 476 rex
537 412 801 495 εελφιλόδημος
824 407 880 475 καὶ
904 411 1126 493 προνοητικὸς
1148 418 1209 474 τοῦ
1231 432 1298 474 κοι-

149 523 192 600 νῇ
208 514 449 598 συμφέροντος,
464 515 789 598 φιλοφρονούμενος,
810 515 942 594 εὔνους,
956 515 1185 597 κηδεμονικύς,
1202 514 1297 597 φιλό-

148 642 273 700 κοινος,
296 620 445 700 συνετός,
460 621 529 704 ἔχει
541 620 703 702 σπουδήν,
715 618 752 684 in
765 618 960 684 uuiversum
976 639 1058 684 vere
1075 626 1128 682 est
1140 617 1299 700 βασιλεύς

150 723 194 809 (1,
226 724 278 804 68,
312 724 363 801 93,
396 724 471 803 287,
502 723 576 808 312;
611 724 685 805 669,
721 723 793 801 112,
827 724 901 804 300,
934 723 999 806 93).
1054 723 1122 790 Sed
1157 723 1298 808 superbe

147 829 239 908 αὔξει
265 830 303 894 τὸ
329 829 417 893 ἴδιον
441 830 643 913 κατόρθωμα
667 827 743 915 plus
768 850 867 916 quam
888 828 1054 895 hominem
1078 829 1175 895 decet
1199 827 1298 914 (393),

150 933 296 1016 ἐξάγεται
327 935 375 1009 είς
404 934 578 1014 λοιδορίαν
607 934 786 1020 verbisque
816 934 939 1000 amaris
970 934 1189 1017 έπιμωκᾶται,
1219 933 1299 1021 quia

149 1038 249 1105 facile
272 1039 418 1103 ὑπονοεῖ
435 1035 521 1124 (326,
554 1039 628 1121 970,
652 1040 725 1122 687,
750 1039 827 1124 378)
857 1042 893 1104 et
923 1037 1058 1103 omnino
1091 1040 1299 1105 affectuosus

150 1146 203 1209 est
226 1143 334 1227 (1374,
366 1143 452 1229 334).
499 1144 574 1210 Huc
604 1144 753 1231 quadrat
781 1144 884 1210 etiam
915 1142 1016 1209 schol.
1041 1142 1078 1208 0.
1105 1143 1140 1208 C.
1166 1143 1231 1208 960
1253 1151 1299 1229 τῷ

151 1249 223 1313 ὄντι
239 1248 257 1314 δ
275 1235 438 1325 Οἰδίπους
460 1254 495 1313 εἴ
512 1273 562 1325 τις
584 1248 730 1333 ἀκριβῶς
746 1249 884 1328 ἐξετάζοι
900 1250 1015 1324 ἄδικος
1037 1246 1098 1332 μὲν
1119 1249 1182 1314 ούκ
1197 1247 1297 1329 ἐστιν,

149 1354 272 1438 ἀτυχὴς
294 1351 331 1419 δὲ
354 1352 409 1419 καὶ
432 1358 632 1437 περιπαθης.

237 1461 289 1525 De
313 1459 504 1527 Creonte
527 1459 648 1546 Oedipi
670 1459 775 1546 Regis
807 1459 943 1526 fabulae
968 1463 1083 1526 exstat
1107 1459 1209 1526 schol.
1234 1459 1298 1525 673

151 1563 283 1646 ἐμμένει
305 1574 345 1650 τῇ
367 1566 451 1651 αὐτῇ
467 1570 635 1651 παρρησίᾳ
650 1565 868 1648 ἐπιστάμενος
883 1566 928 1641 ὡς
945 1562 1047 1630 οὐδὲν
1062 1565 1297 1647 ἐσκαιῶρησεν,

151 1667 192 1733 de
216 1667 396 1755 Oedipodis
422 1669 561 1736 Colonei
584 1670 739 1737 conferas
764 1693 788 1736 s.
813 1672 886 1754 720,
916 1669 958 1736 de
981 1669 1177 1756 Antigonae
1200 1667 1300 1755 plura

151 1776 298 1840 exstant.
343 1774 408 1841 Est
432 1775 623 1841 enimCreo
646 1776 794 1862 prudens
818 1784 853 1841 et
877 1774 1109 1840 dissimulator
1124 1774 1210 1859 (192,
1224 1774 1298 1855 640,

151 1877 238 1963 887),
262 1881 418 1955 ψεύδεται
442 1882 497 1945 διὰ
520 1883 557 1946 τὸ
580 1884 743 1964 χρήσιμον
766 1880 867 1967 (244).
904 1878 963 1947 Sin
986 1882 1101 1946 autem
1123 1901 1192 1944 non
1214 1880 1299 1944 bene

152 1983 312 2049 eveniunt
328 2006 413 2069 quae
433 1983 620 2071 cupiverat,
645 1989 772 2069 πλήρης
787 1986 889 2069 ὀργῆς
907 1983 960 2050 καλ
978 1984 1138 2067 ἀβουλίας
1153 1983 1195 2048 fit
1211 1983 1298 2069 (779,

151 2086 230 2173 883)
252 2090 288 2154 et
311 2093 359 2166 είς
381 2093 484 2166 θεοὺς
506 2093 711 2171 θρασύνεται
735 2091 826 2176 ipsos
850 2090 948 2175 (779).

238 2196 391 2262 Haemo
414 2197 623 2283 Antigonam
646 2221 762 2265 amans
785 2200 911 2283 (ὑπύθ,
936 2197 1019 2264 Sall.
1039 2198 1157 2273 ύπόθ.)
1182 2197 1300 2280 εὐπρε-

151 2314 223 2378 πῶς
234 2303 375 2388 segerit
386 2310 488 2388 atque
500 2304 653 2389 loquitur
666 2304 753 2388 (696,
766 2305 840 2386 733,
853 2305 927 2385 781,
941 2303 982 2369 cf.
999 2303 1106 2388 1232),
1120 2303 1155 2367 in
1167 2306 1300 2389 patrem

150 2407 225 2492 agit
257 2408 338 2490 μετὰ
382 2413 640 2491 παρατηρήσεως
682 2413 717 2474 et
756 2408 900 2494 deniqne
938 2407 978 2474 fit
1018 2408 1184 2490 αὐστηρός
1212 2407 1298 2492 (736,

151 2517 225 2597 741,
250 2517 337 2602 781).

239 2620 423 2688 Orestes
448 2624 501 2688 est
524 2622 585 2687 οὐκ
608 2622 814 2698 αὐθέκαστος
837 2620 914 2708 (31),
939 2623 1006 2687 ὑπὸ
1028 2624 1184 2705 νεότητος
1206 2627 1301 2705 φιλο-

151 2739 286 2791 πευστεῑ
309 2728 386 2813 (80),
419 2727 572 2812 ἀσφαλής
601 2727 692 2792 ἐστιν
721 2730 777 2792 διὰ
799 2730 836 2792 τὸ
857 2737 922 2792 νῦν
955 2738 1089 2809 πρῶτον
1122 2726 1300 2811 ἐπιχειρεῖν

151 2833 292 2918 τοιούτῳ
313 2835 462 2919 κινδύνῳ
485 2832 606 2919 (1236).
630 2833 672 2899 cf.
697 2833 801 2899 etiam
824 2833 919 2898 1117.

238 2937 402 3004 Ulixes
437 2938 552 3004 Aiacis
576 2939 711 3005 fabulae
734 2938 919 3026 prudenter
942 2938 1016 3025 agit
1040 2938 1118 3024 (32),
1154 2937 1303 3020 ἐπιτηρεῖ

153 3042 275 3124 (1328),
300 3048 354 3109 est
377 3048 515 3120 συνετός
539 3045 649 3129 (1322)
673 3044 825 3126 etfacit,
854 3045 944 3130 quod
965 3044 1033 3131 ipsi
1055 3045 1130 3110 usui
1154 3045 1200 3111 sit
1222 3042 1300 3129 (34).

152 3147 256 3214 Nullo
269 3153 383 3214 autem
398 3149 495 3214 modo
513 3153 566 3215 est
582 3151 702 3231 δειλὸς,
726 3151 797 3215 ἀλλ’
811 3151 965 3232 εὐλαβής,
991 3153 1044 3215 est
1060 3149 1148 3214 enim
1164 3153 1301 3232 ἔμφρων

153 3255 218 3338 (76,
246 3253 311 3339 82).
357 3254 480 3340 ltaque
508 3254 644 3346 μέτριος
674 3256 736 3319 οὐκ
766 3254 915 3338 ἐντρυφᾷ
947 3265 1061 3329 κακοῖς
1091 3254 1302 3318 inimicorum

153 3359 234 3442 (80),
263 3359 361 3425 immo
394 3364 448 3425 est
478 3364 584 3445 σοφὸς
613 3360 667 3425 καὶ
697 3359 922 3443 ἆμνησίκακος
955 3360 1063 3446 (1316,
1097 3359 1203 3443 1319).
1250 3358 1302 3422 De

153 3462 367 3530 Philoctetae
385 3465 487 3530 Ulixe
511 3468 649 3530 exstant
672 3463 799 3530 scholia
821 3465 863 3529 68
887 3467 923 3529 et
938 3465 1002 3531 997
1025 3464 1199 3545 vilissima,
1223 3484 1302 3547 gra-

154 3568 253 3634 viora
274 3573 388 3635 autern
409 3591 470 3635 nos
494 3569 593 3636 docet
616 3569 727 3655 (quem
748 3569 802 3634 hic
825 3569 892 3634 iarn
915 3569 1074 3635 adhibere
1097 3568 1213 3653 liceat)
1236 3568 1301 3633 Dio

156 3673 333 3759 Chrysost.
359 3698 406 3739 or.
436 3677 515 3745 6216
537 3677 582 3761 (p.
608 3676 707 3744 10929
736 3674 836 3759 Arn.)
859 3675 898 3738 τύ
932 3700 965 3739 τε
998 3677 1067 3758 ἤθη
1101 3682 1303 3757 θαυμαστῶς

155 3780 259 3861 σεμνδι
288 3777 342 3845 καὶ
374 3779 559 3861 ἐλευθέρια,
590 3784 627 3845 τό
659 3805 693 3845 τε
716 3791 777 3845 τοῦ
795 3779 981 3855 Ὀδυσσέως
1004 3783 1091 3843 πολὺ
1116 3781 1303 3865 πρᾳότερον

154 3882 209 3948 καὶ
232 3883 460 3967 ἁπλούστερον
483 3885 503 3969 ll
526 3891 707 3969 πεποίηκεν
732 3885 749 3950 δ
770 3885 963 3968 Εὐριπίδης.

112 4054 115 4059 .
243 3988 405 4055 Teucer
440 3992 623 4075 εὐγνώμων
658 3995 711 4057 est
746 3994 849 4078 atque
883 3989 1031 4077 prudens
1060 3990 1168 4073 (1381,
1194 3987 1301 4071 1325),

156 4096 387 4178 φιλόστοργος,
410 4098 628 4179 κηδεμονικός
643 4097 752 4182 (1184,
770 4095 856 4180 983),
881 4097 1011 4178 οὐδαμῇ
1034 4095 1162 4159 ὑπείκει
1183 4093 1303 4180 (1161),

156 4202 192 4262 et
213 4201 448 4282 ’προαγόμετος
479 4201 546 4267 ὑπὸ
575 4212 636 4268 τοῦ
666 4203 799 4277 πάθους
831 4201 980 4281 λοιδορεῖ
1015 4208 1060 4283 τῶ
1087 4197 1303 4281 Ἀγαμέμνονι

155 4301 277 4388 ρεεε).
