2946 4734
642 356 848 419 ..qq-

147 528 259 611 Neque
281 530 375 595 aliter
395 532 644 613 pulchritudinis
666 535 713 598 vis
730 535 907 601 illustratur
922 538 955 602 in
973 540 1069 622 elegis
1086 541 1320 619 Romanorum,

150 629 193 692 ibi
216 629 301 693 enim
319 631 485 696 audimus:

184 727 468 799 ffimssQffim

302 813 437 885 obstipui:
466 833 520 870 non
539 815 589 870 illa
606 814 676 868 mihi
691 816 835 872 formosior
853 836 985 888 nmquam
1014 806 1016 811 ¹

405 899 471 964 visa,
490 916 579 968 neque
597 900 702 955 ostrina
721 919 783 955 cum
802 903 856 957 fuit
874 903 904 957 in
923 904 1026 960 tunica.

185 983 265 1053 Prop.
285 984 321 1037 IV
340 985 406 1050 4‚2r
424 1003 463 1054 sq.

302 1068 436 1139 obstipuit
453 1067 525 1138 regis
544 1064 613 1120 facie
632 1070 660 1121 et
679 1068 817 1138 regalibus
836 1069 919 1124 armis

390 1155 516 1223 interque
533 1152 634 1207 oblitas
652 1152 753 1206 excidit
773 1170 843 1208 urna
860 1171 964 1208 manus.

185 1240 286 1294 Tibull.
306 1241 345 1295 IV
363 1241 463 1310 2,3sq.

541 1327 571 1379 at
588 1327 628 1394 tn,
648 1323 774 1386 violente,
794 1327 898 1388 caveto,

300 1428 335 1465 ne
353 1411 407 1464 tibi
424 1410 539 1465 miranti
557 1407 674 1478 turpiter
692 1425 770 1462 arma
787 1409 895 1463 cadant.
942 1473 943 1476 Ἴ

184 1495 262 1550 Ovid.
283 1494 388 1549 heroid.
407 1495 457 1548 XV
479 1494 565 1562 (XVI)
585 1493 635 1546 251

301 1580 366 1633 dnm
385 1583 483 1648 stupeo
502 1577 566 1631 visis
586 1578 662 1644 (nam
679 1578 777 1646 pocula
796 1577 867 1630 forte
884 1575 1034 1646 tenebam),

394 1662 495 1716 tortilis
516 1679 533 1715 a
551 1661 646 1731 digitis
664 1662 765 1716 excidit
783 1679 849 1716 anea
867 1662 941 1716 meis.

154 1753 300 1829 Quocum
324 1753 505 1831 congruunt
526 1749 689 1813 Chariton.
710 1749 736 1812 ll
756 1751 821 1827 5,4
851 1750 924 1811 ἐπεὶ
954 1749 992 1810 δὲ
1014 1737 1100 1830 ἧκεν,
1131 1751 1179 1812 ἔτι
1200 1750 1325 1831 μᾶλλον

152 1852 256 1935 ariano
296 1847 500 1930 ἐθαύμασαν
540 1846 698 1921 ἅπαντες.
751 1849 968 1930 καταπλαγεὶς
1009 1839 1067 1914 οὖν
1106 1849 1123 1911 o‘
1156 1847 1325 1922 Διονύσιος

152 1949 283 2035 ἄφωνος
304 1939 360 2035 ἦν,
391 1954 422 2014 et
443 1950 605 2013 Heliodor.
628 1949 668 2012 Ill
687 1951 706 2013 3
728 1968 758 2029 p.
781 1949 851 2028 272,
874 1970 904 2012 v.
927 1951 963 2014 17
993 1949 1172 2031 ἐξέπληττε
1193 1953 1256 2030 μὲν
1285 1949 1324 2030 δή

152 2053 206 2115 καὶ
236 2049 366 2123 πάντας
395 2050 437 2111 τοὶ
467 2045 616 2129 ὁρώμενοι
647 2048 701 2108 καὶ
730 2048 789 2131 τήν
819 2045 1000 2134 νικητήριον
1028 2048 1184 2130 α’νδρειάς
1213 2049 1323 2110 τεκαὶ

152 2149 288 2223 κάλλους
307 2153 425 2237 ψῆφον
446 2151 492 2228 τῷ
514 2151 627 2228 νεανίᾳ
650 2143 774 2218 πάντες
796 2147 973 2227 οἷπένεμον.

240 2252 263 2314 Ε
286 2249 446 2313 contrario
469 2248 566 2311 etiam
588 2247 723 2310 laetos
750 2250 791 2310 et
820 2247 985 2311 hilaros
1012 2247 1226 2312 formosae
1247 2266 1324 2311 mu-

154 2350 278 2414 lieris
301 2348 416 2412 visus
447 2348 636 2411 homines
654 2347 830 2411 reddere
858 2351 1018 2428 potest,
1041 2347 1129 2412 velut
1150 2347 1183 2411 in

189 2447 282 2502 Plauti
301 2446 394 2500 Sticho
414 2445 465 2498 748
737 2447 739 2450 ⁴

335 2533 380 2586 fac
398 2549 447 2585 noe
463 2532 565 2585 hilaros
583 2531 726 2585 hilariores
744 2547 825 2600 opere
845 2535 929 2601 atque
948 2531 1069 2587 adventu
1086 2533 1143 2586 tuo.

189 2616 311 2686 Ephippi
329 2618 428 2686 fragm.
447 2619 501 2686 6,6
517 2635 556 2686 sq.
582 2618 615 2670 K.
635 2618 659 2670 ll
677 2636 704 2687 p.
724 2617 775 2669 254

338 2700 452 2774 ἐποίησέ
469 2705 495 2755 θ’
515 2699 612 2777 ἱλαρὸν
631 2698 738 2762 εὖθέως
756 2698 780 2754 τ’
799 2699 897 2770 docile
916 2701 973 2756 πᾶν

337 2783 425 2840 adteri
443 2783 473 2840 τὸ
492 2789 597 2842 λυποῦν
617 2784 643 2842 κ’
662 2785 811 2847 οἷπέδειξεν
829 2790 917 2843 ἵλεων.

192 2870 298 2926 Terent.
312 2875 409 2943 Hecyr.
428 2875 478 2929 857
489 2893 549 2945 sqq,

595 2959 793 3027 antiquamque
811 2959 879 3013 adeo
897 2962 975 3013 tuam
993 2961 1165 3014 venustatem
1185 2958 1301 3026 obtines,

262 3047 294 3098 nt
313 3045 450 3114 voluptati
468 3045 568 3115 obitus,
587 3063 682 3112 sermo,
701 3046 834 3100 adventus
851 3049 921 3114 tuos,
939 3062 1133 3115 quoquomque
1150 3045 1301 3108 adveneris,

261 3147 369 3198 semper
387 3130 423 3183 sit
449 3146 503 3198 eqs.

159 3216 411 3297 Requirentibus
442 3222 550 3282 autem
583 3216 676 3279 nobis
708 3216 822 3280 similia
855 3235 894 3278 ex
925 3214 1072 3296 elegiacis
1103 3216 1208 3297 poetis
1236 3216 1325 3280 offert

195 3312 307 3367 Ovidius
327 3315 431 3370 heroid.
451 3316 487 3367 IV
506 3316 541 3369 84

362 3399 479 3467 denique
496 3403 591 3453 nostra
608 3399 688 3451 iuvat
705 3397 818 3466 lumina,
838 3396 970 3465 quidquid
990 3395 1058 3466 agia,

162 3490 193 3549 et
214 3486 376 3551 Heliodor.
410 3487 435 3550 ll
459 3489 507 3562 33,
533 3508 562 3550 v.
586 3488 626 3551 32
661 3486 731 3547 οἷιιό
762 3486 798 3545 δὲ
828 3489 884 3565 τῆς
911 3485 1016 3563 χειρός
1045 3480 1217 3568 ἠσπάζετο
1245 3481 1327 3564 κάμὲ

163 3586 245 3663 πρὸς
262 3585 300 3647 τό
319 3584 534 3666 φαιδρότερον
546 3586 697 3667 ὀφθεῖσα
712 3582 814 3664 μόνον
829 3585 968 3665 ἀνίῃσιν.
1011 3584 1108 3665 Apud
1120 3583 1326 3648 Theocritum

162 3704 238 3748 vcro
261 3686 302 3748 id.
327 3685 394 3748 Vlll
411 3686 448 3748 41
468 3706 537 3767 sqq.
560 3686 723 3749 virescunt
743 3686 837 3749 flores
859 3688 891 3746 et
909 3686 1055 3746 crescunt
1076 3683 1227 3764 pecudes,
1250 3701 1328 3766 quo·

164 3804 303 3867 cumque
332 3785 467 3866 pulchra
499 3787 586 3867 virgo
617 3785 755 3848 advenit.
799 3785 956 3860 Tandem,
985 3787 1021 3846 ut
1044 3803 1156 3847 omnes
1177 3783 1329 3866 antiquae

164 3884 294 3946 fabulae
317 3887 405 3966 apud
427 3886 663 3949 Alexandrinos
692 3885 830 3947 colorem
863 3883 1025 3964 quendam
1055 3882 1250 3946 amatorium
1279 3901 1328 3946 as·

164 3985 347 4061 sumumst)
371 3986 416 4048 ita
435 3987 532 4048 etiam
553 3985 656 4048 belli
679 3984 853 4047 Troiani
876 3982 1019 4045 sabula
1041 3982 1101 4046 uti
1123 3982 1262 4047 solent
1280 3981 1330 4047 ad

236 4169 261 4230 1)
283 4163 323 4218 Cf.
340 4164 414 4232 orto,
434 4165 473 4218 De
492 4163 592 4217 fabulis
610 4162 795 4232 Propertianis
814 4164 833 4227 l,
853 4161 999 4216 Vratislav.
1020 4161 1095 4226 1880,
1112 4179 1141 4231 p.
1159 4162 1202 4218 20.
