2946 4734
637 292 842 355 „37-

234 474 364 537 Senes
398 474 554 545 autem,
593 471 661 551 qui
695 471 726 533 in
760 471 865 533 Plauti
898 470 1063 548 Asinaria,
1098 470 1323 552 Bacchidibus,

152 579 345 649 Mercatore,
377 571 493 635 Casina
517 570 753 634 iuventutis
775 576 959 652 tempore
981 577 1220 653 praeterito
1242 599 1324 643 me·

151 677 353 741 retricum
384 696 523 740 amore
555 671 637 734 frui
668 671 831 746 volunt,
862 671 913 733 ab
938 673 1131 738 omnibus
1159 678 1323 760 vitupe-

151 781 299 840 rantur
322 781 360 839 et
383 775 569 840 ludibrio
591 772 816 846 habentur,
839 771 927 852 quod
942 790 993 834 res
1010 779 1118 854 agant,
1137 797 1222 858 quae
1241 797 1323 842 cano

154 878 249 960 capiti
286 896 350 940 non
390 877 591 940 conveniant.
643 871 708 935 Nec
745 869 861 933 desunt
904 872 1099 936 comicorum
1138 875 1320 940 Atticorum

151 976 342 1056 fragmenta,¹
364 995 448 1057 quae
470 974 581 1038 eodem
606 971 804 1054 pertineant3
827 968 1011 1035 adscribam
1034 972 1115 1037 baec
1136 975 1302 1057 exempla:

186 1081 336 1147 Philemon.
355 1081 409 1150 frg.
432 1080 489 1146 179,
509 1079 540 1131 K.
561 1078 584 1130 ll
603 1095 629 1145 p.
649 1076 700 1128 528

346 1172 437 1245 γέρων
455 1170 610 1242 γενόμενος
627 1165 666 1240 μὴ
687 1166 787 1241 φρόνει
807 1170 937 1241 νεώτερα,

345 1255 416 1332 μὴδ’
435 1259 475 1319 εἰς
494 1256 602 1317 ὄνειδος
621 1256 684 1309 ἕλκε
702 1250 753 1326 τὴν
771 1250 878 1326 σεμνὴν
897 1257 1004 1311 πολιὰν.
1016 1257 1035 1326 ¹)

187 1347 274 1400 Plaut.
294 1347 441 1412 Mercator,
456 1346 506 1399 305

346 1435 397 1485 tun
415 1431 504 1501 capite
522 1446 591 1484 cano
610 1445 699 1491 amas,
728 1444 810 1482 senex
828 1428 1023 1496 nequissume‘l

155 1536 276 1599 Deinde
298 1536 381 1611 seni,
412 1536 468 1617 qui
490 1536 521 1597 in
542 1533 646 1597 Plauti
670 1533 787 1596 Casina
810 1536 928 1597 unctus
957 1539 989 1599 et
1015 1537 1172 1618 expolitus
1193 1539 1321 1617 incedit,

150 1655 170 1698 a
194 1635 327 1698 muliere
348 1635 484 1699 obicitur
506 1654 536 1696 v.
559 1634 620 1696 140
637 1652 685 1713 sq.

347 1735 457 1786 senecta
474 1734 566 1786 aetate
586 1731 774 1797 unguentatus
791 1745 840 1798 per
859 1729 924 1798 vias,
943 1730 1053 1800 ignave,
1072 1733 1195 1789 incedis?

149 1818 214 1980 {agr
238 1839 315 1883 vero
337 1820 387 1883 ille
410 1819 604 1883 comicorum
627 1837 723 1881 senex
746 1836 860 1880 amans
887 1819 974 1900 apud
996 1821 1159 1886 Tibullum
1182 1826 1319 1890 occurrit

204 1969 212 1998 ,
224 1919 265 1982 89
277 1937 347 2000 sqq.

343 2033 398 2086 vidi
417 2050 476 2102 ego,
495 2033 543 2102 qui
560 2032 692 2086 iuvenum
710 2031 820 2086 miseros
838 2031 944 2086 lusisset
962 2050 1075 2098 amores,

394 2121 456 2189 post
473 2117 588 2173 Veneris
606 2118 702 2172 vinclis
719 2118 834 2172 subdere
849 2119 921 2173 colla
938 2135 1031 2172 senem

342 2209 370 2261 et
388 2205 441 2258 sibi
459 2205 610 2260 blanditias
629 2205 747 2259 tremula
764 2221 927 2274 componere
946 2222 1010 2259 voce

393 2295 423 2346 et
440 2291 568 2345 manibus
587 2308 669 2345 canas
687 2291 792 2360 fingere
811 2291 878 2345 velle
896 2307 1001 2345 comas:

341 2382 414 2434 stare
433 2396 484 2434 nec
501 2381 567 2433 ante
584 2377 656 2431 fores
673 2378 773 2448 puduit
791 2395 903 2432 caraeve
921 2378 1028 2448 puellae

393 2465 521 2520 ancillam
540 2464 630 2520 medio
649 2463 795 2519 detinuisse
813 2464 882 2518 foro.

341 2551 414 2625 hunc
433 2569 515 2621 puer,
540 2552 613 2606 hunc
639 2549 745 2605 iuvenis
764 2551 846 2605 turba
870 2549 1039 2604 circumterit
1053 2555 1121 2612 arta,

393 2636 500 2706 despuit
518 2637 547 2690 in
565 2638 661 2691 molles
678 2640 707 2691 et
725 2637 779 2690 sibi
797 2636 911 2705 quisque
929 2634 1012 2690 sinus.

147 2727 234 2791 ldem
267 2748 383 2794 canum
418 2736 516 2814 caput
547 2733 590 2797 ab
623 2752 734 2796 amore
771 2736 803 2796 et
834 2731 997 2795 blanditiis
1033 2731 1207 2794 abhorrere
1239 2729 1315 2793 dicit

181 2834 235 2895 11,
246 2835 277 2889 71
288 2853 328 2904 sq.

341 2920 398 2974 iam
415 2919 543 2986 subrepet
561 2917 634 2972 iners
653 2921 737 2984 aetas,
754 2934 804 2972 nec
822 2934 915 2971 amare
934 2915 1049 2984 decebit,

394 3006 482 3060 dicere
501 3022 550 3059 nec
569 3022 636 3059 cano
655 3004 804 3059 blanditias
822 3004 916 3073 capiti.

181 3104 210 3155 et
227 3101 238 3152 Ι
257 3099 281 3162 8,
292 3099 323 3152 41
337 3117 377 3167 sq.

341 3190 395 3246 heu
412 3207 470 3245 sero
490 3193 633 3245 revocatur
651 3206 729 3244 amor
746 3205 859 3257 seroque
877 3188 998 3252 iuventa,

398 3295 460 3331 cum
479 3280 556 3331 vetus
574 3275 670 3330 infecit
689 3292 758 3330 cana
776 3278 885 3329 senecta
902 3279 992 3343 caput.

147 3379 270 3443 Tamen
292 3381 437 3444 Tibullus
459 3381 508 3444 his
531 3380 635 3444 verbis
658 3399 722 3443 non
746 3399 864 3452 senem,
898 3379 955 3442 sed
976 3381 1175 3443 meretricem
1199 3400 1313 3446 canam

148 3479 274 3544 affatur.
325 3481 429 3544 Senex
457 3485 567 3544 autem
595 3480 646 3542 ille
681 3499 795 3542 amans
826 3482 857 3542 et
885 3483 1001 3542 unctus
1026 3480 1112 3561 apud
1144 3480 1315 3544 Horatium

149 3597 277 3660 quoque
299 3580 420 3644 exsistit
442 3580 534 3662 epod.
558 3581 586 3642 V
609 3581 648 3642 57
663 3600 709 3660 sq.

343 3696 443 3745 senem,
462 3678 536 3747 quod
555 3695 648 3732 omnes
666 3677 782 3739 rideant,
802 3675 955 3729 adulterum

342 3765 446 3820 latrent·
465 3765 618 3819 suburanae
637 3781 716 3818 canes
867 3762 868 3765 ’

341 3851 428 3905 nardo
447 3855 618 3920 perunctum.

222 4029 246 4097 l)
265 4029 357 4085 Etiam
380 4033 553 4103 Alciphronis
578 4027 672 4084 ‘milev
695 4031 947 4101 μειρακιευόμενος
965 4022 1124 4099 πρεσβύτης’
1147 4043 1189 4094 ep.
1209 4025 1234 4076 Il
1254 4027 1269 4075 2
1288 4026 1316 4077 et

152 4111 242 4167 11133
262 4132 295 4169 ex
314 4117 455 4172 comoedia
473 4121 596 4187 sumptus
617 4117 731 4179 videtur,
750 4117 784 4169 cf.
803 4115 864 4177 Leo,
884 4114 969 4166 Plaut.
991 4111 1098 4165 Torsch.
1118 4131 1144 4180 p.
1165 4110 1221 4163 140.
