2946 4734
737 232 776 296 16

167 410 220 492 qui
240 430 317 475 sane
332 409 468 483 ,notione
489 410 639 475 carminis
660 411 803 492 lugubris
825 429 895 474 eam
917 411 1079 475 adhibent.
1116 412 1220 490 Quam
1243 432 1343 494 quae-

166 511 302 576 stionem
323 511 356 576 C.
365 513 390 576 J.
399 511 517 576 Caesar
540 511 775 576 accuratissime
797 511 966 575 illustravit
977 509 1009 593 ¹),
1033 531 1071 576 eo
1093 512 1281 594 perveniens
1303 517 1340 576 ut

165 616 250 675 recte
270 615 399 692 putaret
421 613 646 691 grammaticos
665 612 778 676 dixisse
800 612 831 674 in
856 631 935 675 voce
956 610 1060 691 ἕλεγος
1081 611 1246 675 notionem
1271 631 1339 676 esse

164 709 291 798 θρήνου
319 710 402 792 πρδς
431 710 535 774 aalide
561 710 734 794 ᾀδομένου,
763 731 868 794 neque
891 731 966 776 vero
995 712 1026 775 id
1049 712 1163 775 cadere
1184 713 1217 774 in
1238 712 1339 774 verba

165 811 304 891 ἐλεγεῖον
326 814 356 874 et
379 809 512 890 ἐλεγείοι,
538 811 654 894 quibus
674 815 839 875 notaretur
855 831 985 875 carmen
1000 812 1193 876 hexametris
1207 814 1239 874 et
1256 831 1336 892 pen·

165 913 306 975 tametris
335 915 487 975 constans
517 911 560 994 (p.
578 910 640 993 ⁶28),
669 915 702 975 et
726 912 769 975 ad
795 913 931 976 formam
960 912 1125 976 metricam
1148 914 1273 974 tantum
1298 931 1335 975 ea

164 1013 308 1091 spectare
331 1007 372 1090 (p.
392 1008 456 1092 36).
490 1011 603 1075 Paullo
625 1011 716 1074 aliter
738 1011 807 1075 Sitti
830 1013 862 1075 in
885 1012 1060 1075 litterarum
1079 1031 1267 1092 graecarum
1288 1011 1337 1074 hi·

164 1109 261 1175 storia
284 1108 302 1171 Ι.
328 1130 359 1191 p.
375 1110 435 1172 aab
458 1111 619 1186 iudicavit,
649 1111 781 1192 elegiam
804 1111 994 1192 significasse
1023 1132 1118 1176 omne
1140 1130 1269 1174 carmen
1293 1112 1336 1174 ad

163 1211 274 1274 tibiam
303 1213 469 1273 cantatum
480 1211 505 1289 ⁹)
536 1230 601 1292 quo
629 1211 846 1292 proferrentur
876 1231 987 1275 omnes
1017 1212 1113 1274 animi
1142 1210 1273 1274 atiectus
1304 1215 1335 1274 et

165 1310 281 1373 hilares
303 1313 335 1372 et
356 1309 468 1386 tristes,
492 1314 601 1391 postea
619 1330 693 1373 vem
707 1311 872 1374 notionem
893 1311 1042 1374 carminis
1064 1310 1203 1390 lugubris
1225 1311 1334 1374 ceteris

162 1408 444 1491 significationibus
467 1410 548 1473 adeo
577 1410 801 1491 praevaluisse,
832 1414 868 1473 ut
894 1430 1005 1474 omnes
1034 1411 1233 1490 grammatici
1261 1431 1331 1474 eam

161 1510 263 1573 solam
286 1510 447 1572 notionem
470 1507 761 1590 comprobarenttl.
796 1511 831 1573 ld
852 1514 961 1574 autem
983 1514 1105 1573 constat
1126 1511 1213 1591 apud
1235 1512 1333 1593 scrip·

160 1615 244 1674 tores
267 1613 387 1672 veteres
409 1609 481 1672 inde
504 1610 545 1672 ab
564 1609 711 1690 Euripide
733 1610 901 1691 querulam
918 1610 1011 1673 fuisse
1024 1609 1166 1690 elegiam,
1190 1612 1247 1675 sed
1267 1613 1332 1693 pri·

161 1730 231 1774 ores
255 1712 364 1790 poetas
387 1709 541 1790 elegiacos
565 1700 743 1790 promiscue
770 1710 937 1791 protulisse
964 1713 995 1772 et
1019 1709 1168 1774 laetitiam
1192 1715 1223 1774 et
1244 1730 1332 1774 mae-

159 1829 273 1874 I'Ol'elss.

239 1924 369 1990 Periclis
392 1924 523 1988 tandem
541 1927 645 1988 aetate
662 1924 754 1988 scribi
778 1927 892 2005 coepta
913 1929 987 1988 sunt
1010 1924 1131 2007 ἐπική
1139 1925 1160 1987 δ
1167 1949 1242 2002 sic,
1265 1949 1329 2010 quo

156 2026 292 2090 termino
308 2024 494 2088 lamentatio
516 2028 642 2088 tantum
663 2024 901 2106 exprimebatur
919 2043 1023 2106 neque
1037 2026 1220 2091 consolatio,
1253 2028 1329 2093 Plu·

158 2127 288 2190 tarchus
317 2125 371 2206 qui
394 2125 457 2188 iam
481 2122 653 2206 Olympum
678 2128 784 2187 vatem
811 2123 906 2204 μέλος
926 2122 1110 2209 ἐπικήδειον
1137 2126 1168 2190 in
1192 2132 1328 2192 mortem

155 2225 309 2308 Pythonis
332 2225 491 2289 dracontis
513 2224 671 2305 scripsisse
692 2224 830 2302 refert⁴)‚
853 2224 916 2288 fide
933 2229 1019 2288 caret
1036 2244 1142 2307 neque
1160 2227 1200 2290 de
1216 2225 1327 2309 Olym·

154 2347 196 2408 po
217 2330 266 2389 sat
287 2325 456 2389 constabat
477 2343 582 2406 neque
603 2325 642 2388 de
658 2325 748 2388 titulo
763 2324 912 2387 carminis
934 2324 1010 2387 eius.
1048 2323 1140 2388 Certe
1162 2326 1194 2389 in
1216 2328 1327 2394 litteris

156 2446 218 2490 vox
239 2423 425 2508 ἐπικήδειον
446 2443 511 2488 non
532 2424 693 2487 invenitur
715 2428 790 2487 ante
809 2423 989 2504 Euripidem
1000 2422 1032 2504 5).
1067 2427 1095 2488 A
1116 2428 1214 2490 verbo
1233 2426 1327 2510 κήδο-

158 2548 216 2607 pm
238 2526 314 2590 salis
341 2525 426 2589 elato
448 2525 600 2588 sentimus
626 2527 793 2605 poetarum
816 2523 918 2604 magis
945 2524 1086 2605 epicedia
1107 2525 1202 2589 fuisse
1225 2528 1322 2608 quam

152 2645 269 2710 prosae
291 2624 450 2688 orationis.
492 2622 630 2687 Medium
660 2628 767 2686 autem
801 2623 954 2686 tenebant
983 2624 1064 2686 inter
1094 2625 1325 2706 epigrammata

158 2731 189 2791 et
209 2717 333 2807 elegias.
376 2725 457 2787 Nam
482 2723 621 2787 distichis
642 2723 787 2804 elegiacis
809 2723 982 2804 conrposita
1004 2723 1036 2787 in
1055 2724 1167 2788 funera
1188 2729 1325 2789 conscri-

153 2826 323 2891 bebantur.
366 2824 432 2887 lam
455 2823 479 2886 si
498 2823 625 2905 quaeris
647 2843 730 2905 quae
749 2822 925 2886 differentia
946 2823 1028 2887 inter
1050 2824 1180 2887 threnos
1204 2829 1235 2888 et
1257 2829 1324 2909 epi·

149 3022 241 3084 ιίιίδει;
269 3017 351 3074 Arist.
370 3017 421 3074 Av.
439 3019 490 3073 218
511 3017 663 3072 Philomela
690 3019 764 3087 ἐλέγῳ
793 3017 947 3086 complorat
976 3018 1049 3087 ltyn3
1077 3019 1112 3073 cf.
1138 3019 1196 3087 lph.
1213 3020 1242 3073 T.
1264 3021 1322 3090 146;

149 3110 249 3179 ἀλύροις
266 3107 358 3171 ἐλέγοις
374 3105 465 3175 (ἄλυρα
486 3121 518 3158 ea
537 3104 667 3158 dicuntur
685 3120 756 3172 quae
773 3121 790 3157 a
809 3104 913 3158 festiva
931 3103 1075 3159 hilaritate
1095 3106 1215 3175 absunt).

220 3212 244 3278 l)
264 3211 303 3264 De
322 3208 451 3264 carminis
469 3207 584 3276 elegiaci
602 3208 769 3262 Graecorum
793 3207 900 3276 origine
923 3211 951 3261 et
973 3208 1094 3263 notione.
1133 3210 1220 3263 Marb.
1244 3213 1319 3267 laer.

217 3316 244 3383 2)
270 3314 308 3367 nt
326 3312 409 3366 tibias
435 3310 584 3366 concinisse
601 3310 643 3364 his
662 3310 830 3364 carminibus
849 3313 961 3379 putaret
981 3311 1047 3364 Sitti
1067 3329 1099 3365 eo
1117 3313 1252 3367 adductus
1271 3317 1320 3379 est,

146 3401 219 3471 quod
233 3401 307 3472 apud
326 3397 470 3454 Armenios
496 3397 626 3467 Phrygiis
646 3397 813 3467 propinquos
845 3396 959 3450 inventa
979 3401 1019 3452 est
1042 3415 1094 3451 vox
1115 3398 1228 3469 selega«
1247 3418 1318 3469 quae

148 3491 235 3544 notat
252 3488 337 3541 adila.
375 3485 448 3540 Sittl.
467 3484 533 3540 hist.
552 3483 608 3538 litt.
625 3501 664 3553 gr.
685 3485 702 3537 l.
724 3502 749 3552 p.
770 3484 829 3536 245.

217 3593 244 3658 3)
269 3570 464 3644 Ita'Horalius
489 3604 597 3656 quoquc
626 3586 742 3656 elegiam
769 3585 894 3640 definivit
927 3585 1136 3654 querimoniam.
1166 3589 1196 3640 A.
1217 3589 1245 3641 P.
1270 3592 1317 3642 75:

149 3679 271 3734 uersibus
289 3675 440 3746 imparibus
457 3675 558 3729 iunctis
575 3674 747 3743 querimonia
771 3676 899 3742 primum,
924 3679 991 3741 post
1008 3674 1089 3726 ctiam
1110 3673 1242 3728 inclamat
1260 3676 1318 3729 coti

92 3826 97 3837 ἃ
145 3767 277 3820 sententia
295 3779 415 3833 compos.

212 3869 239 3938 4)
256 3868 334 3922 Plut.
352 3867 387 3921 de
407 3884 475 3921 mus.
494 3882 518 3920 c.
539 3866 582 3930 15;
602 3864 703 3918 Pollux
720 3861 765 3917 lV.
778 3861 824 3931 383
843 3860 937 3930 Eurip.
959 3862 1004 3914 Or.
1028 3861 1100 3916 1383.

212 3973 239 4044 b)
258 3973 321 4028 Eur.
340 3971 399 4025 Alc.
419 3969 484 4025 513:
503 3970 644 4039 ἐπικήδειος
662 3968 726 4037 ᾠδή.
759 3965 818 4034 lph.
839 3964 921 4019 Taur.
941 3967 1003 4019 146:
1022 3970 1035 4016 ἐ’
1053 3970 1077 4027 i,
1096 3970 1121 4018 ἐν
1142 3968 1249 4036 κηδείοις
1267 3971 1317 4019 οἴκ-

146 4080 236 4115 τοισιν.
