<?xml version="1.0" encoding="UTF-8"?>
<!DOCTYPE html PUBLIC "-//W3C//DTD XHTML 1.0 Transitional//EN"
    "http://www.w3.org/TR/xhtml1/DTD/xhtml1-transitional.dtd">
<html xmlns="http://www.w3.org/1999/xhtml" xml:lang="en" lang="en">
 <head>
  <title>
</title>
<meta http-equiv="Content-Type" content="text/html;charset=utf-8" />
  <meta name='ocr-system' content='tesseract 3.04.00' />
  <meta name='ocr-capabilities' content='ocr_page ocr_carea ocr_par ocr_line ocrx_word'/>
</head>
<body>
  <div class='ocr_page' id='page_1' title='image "./deincertipoetae00schagoog_0114.png"; bbox 0 0 2946 4734; ppageno 0'>
   <div class='ocr_carea' id='block_1_1' title="bbox 707 220 752 288">
    <p class='ocr_par' dir='ltr' id='par_1_1' title="bbox 707 220 752 288">
     <span class='ocr_line' id='line_1_1' title="bbox 707 220 752 288; baseline 0.067 -3"><span class='ocrx_word' id='word_1_1' title='bbox 707 220 752 288; x_wconf 81' lang='lat'><strong>29</strong></span> 
     </span>
    </p>
   </div>
   <div class='ocr_carea' id='block_1_2' title="bbox 102 381 1336 802">
    <p class='ocr_par' dir='ltr' id='par_1_2' title="bbox 157 381 1336 587">
     <span class='ocr_line' id='line_1_2' title="bbox 158 381 1336 482; baseline -0.001 -22"><span class='ocrx_word' id='word_1_2' title='bbox 158 393 293 463; x_wconf 89' lang='lat' dir='ltr'><strong>ratione</strong></span> <span class='ocrx_word' id='word_1_3' title='bbox 326 397 428 482; x_wconf 92' lang='lat' dir='ltr'><strong>pocta</strong></span> <span class='ocrx_word' id='word_1_4' title='bbox 459 394 523 461; x_wconf 86' lang='lat' dir='ltr'><strong>hac</strong></span> <span class='ocrx_word' id='word_1_5' title='bbox 556 394 592 461; x_wconf 93' lang='lat' dir='ltr'><strong>in</strong></span> <span class='ocrx_word' id='word_1_6' title='bbox 625 416 664 461; x_wconf 90' lang='lat' dir='ltr'><strong>re</strong></span> <span class='ocrx_word' id='word_1_7' title='bbox 697 381 907 462; x_wconf 88' lang='lat' dir='ltr'><strong>instituenda</strong></span> <span class='ocrx_word' id='word_1_8' title='bbox 928 395 1068 476; x_wconf 87' lang='lat' dir='ltr'><strong>utatur,</strong></span> <span class='ocrx_word' id='word_1_9' title='bbox 1098 414 1164 480; x_wconf 88' lang='lat' dir='ltr'><strong>quo</strong></span> <span class='ocrx_word' id='word_1_10' title='bbox 1193 391 1303 480; x_wconf 76' lang='lat' dir='ltr'><strong>igitur</strong></span> <span class='ocrx_word' id='word_1_11' title='bbox 1335 386 1336 392; x_wconf 53' lang='lat'>&#39;</span> 
     </span>
     <span class='ocr_line' id='line_1_3' title="bbox 157 499 1303 587; baseline -0.001 -22"><span class='ocrx_word' id='word_1_12' title='bbox 157 499 254 566; x_wconf 94' lang='lat' dir='ltr'><strong>modo</strong></span> <span class='ocrx_word' id='word_1_13' title='bbox 278 503 317 566; x_wconf 90' lang='lat' dir='ltr'><strong>ut</strong></span> <span class='ocrx_word' id='word_1_14' title='bbox 332 502 543 587; x_wconf 74' lang='lat' dir='ltr'>spectatores</span> <span class='ocrx_word' id='word_1_15' title='bbox 569 523 790 587; x_wconf 88' lang='lat' dir='ltr'><strong>personarum</strong></span> <span class='ocrx_word' id='word_1_16' title='bbox 811 522 922 567; x_wconf 88' lang='lat' dir='ltr'><strong>mores</strong></span> <span class='ocrx_word' id='word_1_17' title='bbox 943 506 1167 586; x_wconf 79' lang='lat' dir='ltr'><strong>naturamque</strong></span> <span class='ocrx_word' id='word_1_18' title='bbox 1183 519 1303 584; x_wconf 86' lang='lat' dir='ltr'><strong>agnos-</strong></span> 
     </span>
    </p>

    <p class='ocr_par' dir='ltr' id='par_1_3' title="bbox 102 602 1301 802">
     <span class='ocr_line' id='line_1_4' title="bbox 102 602 1301 690; baseline -0.001 -19"><span class='ocrx_word' id='word_1_19' title='bbox 102 645 104 655; x_wconf 74' lang='lat'><strong>.</strong></span> <span class='ocrx_word' id='word_1_20' title='bbox 157 609 237 673; x_wconf 92' lang='lat' dir='ltr'><strong>cant</strong></span> <span class='ocrx_word' id='word_1_21' title='bbox 267 605 403 672; x_wconf 88' lang='lat' dir='ltr'><strong>efficiat.</strong></span> <span class='ocrx_word' id='word_1_22' title='bbox 449 602 549 686; x_wconf 79' lang='lat' dir='ltr'><strong>Quod</strong></span> <span class='ocrx_word' id='word_1_23' title='bbox 577 628 650 672; x_wconf 86' lang='lat' dir='ltr'><strong>cum</strong></span> <span class='ocrx_word' id='word_1_24' title='bbox 683 605 784 672; x_wconf 89' lang='lat' dir='ltr'><strong>etiam</strong></span> <span class='ocrx_word' id='word_1_25' title='bbox 817 604 1020 673; x_wconf 71' lang='lat' dir='ltr'><strong>scholiastae</strong></span> <span class='ocrx_word' id='word_1_26' title='bbox 1049 603 1301 690; x_wconf 86' lang='lat' dir='ltr'><strong>inquisiverint‚</strong></span> 
     </span>
     <span class='ocr_line' id='line_1_5' title="bbox 156 712 1130 802; baseline -0.004 -22"><span class='ocrx_word' id='word_1_27' title='bbox 156 714 299 802; x_wconf 87' lang='lat' dir='ltr'><strong>primam</strong></span> <span class='ocrx_word' id='word_1_28' title='bbox 321 712 520 801; x_wconf 84' lang='lat' dir='ltr'><strong>disciplinae</strong></span> <span class='ocrx_word' id='word_1_29' title='bbox 542 716 679 801; x_wconf 90' lang='lat' dir='ltr'><strong>partem</strong></span> <span class='ocrx_word' id='word_1_30' title='bbox 701 713 917 781; x_wconf 87' lang='lat' dir='ltr'><strong>tractandam</strong></span> <span class='ocrx_word' id='word_1_31' title='bbox 940 715 1130 779; x_wconf 71' lang='lat' dir='ltr'><strong>statuamus</strong></span> 
     </span>
    </p>
   </div>
   <div class='ocr_carea' id='block_1_3' title="bbox 713 1106 733 1171">
    <p class='ocr_par' dir='ltr' id='par_1_4' title="bbox 713 1106 733 1171">
     <span class='ocr_line' id='line_1_6' title="bbox 713 1106 733 1171; baseline 0 0"><span class='ocrx_word' id='word_1_32' title='bbox 713 1106 733 1171; x_wconf 95' lang='lat' dir='ltr'>I</span> 
     </span>
    </p>
   </div>
   <div class='ocr_carea' id='block_1_4' title="bbox 227 1223 1235 1343">
    <p class='ocr_par' dir='ltr' id='par_1_5' title="bbox 227 1223 1235 1343">
     <span class='ocr_line' id='line_1_7' title="bbox 227 1223 1235 1343; baseline -0.001 -22"><span class='ocrx_word' id='word_1_33' title='bbox 227 1255 273 1322; x_wconf 86' lang='lat' dir='ltr'><strong>De</strong></span> <span class='ocrx_word' id='word_1_34' title='bbox 295 1223 413 1343; x_wconf 86' lang='lat' dir='ltr'><strong>poetae</strong></span> <span class='ocrx_word' id='word_1_35' title='bbox 435 1255 490 1323; x_wconf 87' lang='lat' dir='ltr'><strong>via</strong></span> <span class='ocrx_word' id='word_1_36' title='bbox 512 1259 609 1342; x_wconf 85' lang='lat' dir='ltr'><strong>atquo</strong></span> <span class='ocrx_word' id='word_1_37' title='bbox 633 1256 763 1322; x_wconf 86' lang='lat' dir='ltr'><strong>rationo</strong></span> <span class='ocrx_word' id='word_1_38' title='bbox 787 1255 978 1343; x_wconf 83' lang='lat' dir='ltr'><strong>ethopoeiao</strong></span> <span class='ocrx_word' id='word_1_39' title='bbox 1002 1252 1235 1321; x_wconf 80' lang='lat' dir='ltr'><strong>instituendae</strong></span> 
     </span>
    </p>
   </div>
   <div class='ocr_carea' id='block_1_5' title="bbox 146 1445 1427 4373">
    <p class='ocr_par' dir='ltr' id='par_1_6' title="bbox 146 1445 1427 4373">
     <span class='ocr_line' id='line_1_8' title="bbox 242 1445 1300 1534; baseline -0.002 -22"><span class='ocrx_word' id='word_1_40' title='bbox 242 1447 471 1534; x_wconf 83' lang='lat' dir='ltr'><strong>Incipiendum</strong></span> <span class='ocrx_word' id='word_1_41' title='bbox 509 1455 561 1514; x_wconf 87' lang='lat' dir='ltr'><strong>est</strong></span> <span class='ocrx_word' id='word_1_42' title='bbox 595 1470 616 1514; x_wconf 91' lang='lat' dir='ltr'><strong>a</strong></span> <span class='ocrx_word' id='word_1_43' title='bbox 650 1446 847 1534; x_wconf 87' lang='lat' dir='ltr'><strong>disciplinae</strong></span> <span class='ocrx_word' id='word_1_44' title='bbox 886 1447 1057 1514; x_wconf 86' lang='lat' dir='ltr'><strong>sententia</strong></span> <span class='ocrx_word' id='word_1_45' title='bbox 1094 1450 1227 1513; x_wconf 87' lang='lat' dir='ltr'><strong>tantum</strong></span> <span class='ocrx_word' id='word_1_46' title='bbox 1264 1445 1300 1510; x_wconf 91' lang='lat' dir='ltr'><strong>in</strong></span> 
     </span>
     <span class='ocr_line' id='line_1_9' title="bbox 156 1550 1298 1641; baseline 0.001 -25"><span class='ocrx_word' id='word_1_47' title='bbox 156 1551 293 1619; x_wconf 88' lang='lat' dir='ltr'><strong>Donato</strong></span> <span class='ocrx_word' id='word_1_48' title='bbox 306 1553 495 1641; x_wconf 87' lang='lat' dir='ltr'><strong>proposita.</strong></span> <span class='ocrx_word' id='word_1_49' title='bbox 531 1551 610 1620; x_wconf 88' lang='lat' dir='ltr'><strong>Scil.</strong></span> <span class='ocrx_word' id='word_1_50' title='bbox 622 1553 739 1639; x_wconf 83' lang='lat' dir='ltr'><strong>agitur</strong></span> <span class='ocrx_word' id='word_1_51' title='bbox 754 1551 796 1618; x_wconf 91' lang='lat' dir='ltr'><strong>de</strong></span> <span class='ocrx_word' id='word_1_52' title='bbox 807 1574 1026 1639; x_wconf 86' lang='lat' dir='ltr'><strong>personarum</strong></span> <span class='ocrx_word' id='word_1_53' title='bbox 1041 1550 1298 1618; x_wconf 89' lang='lat' dir='ltr'><strong>nominibus.</strong></span> 
     </span>
     <span class='ocr_line' id='line_1_10' title="bbox 154 1656 1299 1746; baseline -0.001 -24"><span class='ocrx_word' id='word_1_54' title='bbox 154 1656 303 1723; x_wconf 86' lang='lat' dir='ltr'><strong>Primum</strong></span> <span class='ocrx_word' id='word_1_55' title='bbox 335 1658 462 1725; x_wconf 84' lang='lat' dir='ltr'><strong>scholia</strong></span> <span class='ocrx_word' id='word_1_56' title='bbox 491 1679 733 1746; x_wconf 85' lang='lat' dir='ltr'><strong>proponamus:</strong></span> <span class='ocrx_word' id='word_1_57' title='bbox 770 1657 873 1722; x_wconf 90' lang='lat' dir='ltr'><strong>schol.</strong></span> <span class='ocrx_word' id='word_1_58' title='bbox 903 1657 969 1723; x_wconf 82' lang='lat' dir='ltr'><strong>Ad.</strong></span> <span class='ocrx_word' id='word_1_59' title='bbox 1000 1657 1083 1722; x_wconf 69' lang='lat' dir='ltr'><strong>acl</strong></span> <span class='ocrx_word' id='word_1_60' title='bbox 1120 1657 1299 1739; x_wconf 87' lang='lat' dir='ltr'><strong>‚nomina</strong></span> 
     </span>
     <span class='ocr_line' id='line_1_11' title="bbox 153 1761 1298 1849; baseline 0 -20"><span class='ocrx_word' id='word_1_61' title='bbox 153 1762 765 1849; x_wconf 82' lang='lat' dir='ltr'><strong>personarum‚incomoediis</strong></span> <span class='ocrx_word' id='word_1_62' title='bbox 782 1762 1028 1845; x_wconf 81' lang='lat' dir='ltr'><strong>dumtaxat,</strong></span> <span class='ocrx_word' id='word_1_63' title='bbox 1053 1763 1212 1829; x_wconf 90' lang='lat' dir='ltr'><strong>debent</strong></span> <span class='ocrx_word' id='word_1_64' title='bbox 1233 1761 1298 1829; x_wconf 91' lang='lat' dir='ltr'><strong>ha-</strong></span> 
     </span>
     <span class='ocr_line' id='line_1_12' title="bbox 155 1867 1299 1954; baseline -0.001 -21"><span class='ocrx_word' id='word_1_65' title='bbox 155 1869 254 1935; x_wconf 90' lang='lat' dir='ltr'><strong>bere</strong></span> <span class='ocrx_word' id='word_1_66' title='bbox 276 1868 496 1935; x_wconf 88' lang='lat' dir='ltr'><strong>rationem</strong></span> <span class='ocrx_word' id='word_1_67' title='bbox 530 1871 573 1935; x_wconf 86' lang='lat' dir='ltr'><strong>et</strong></span> <span class='ocrx_word' id='word_1_68' title='bbox 603 1867 929 1954; x_wconf 83' lang='lat' dir='ltr'><strong>etymologiam.</strong></span> <span class='ocrx_word' id='word_1_69' title='bbox 961 1869 1086 1934; x_wconf 91' lang='lat' dir='ltr'><strong>etenim</strong></span> <span class='ocrx_word' id='word_1_70' title='bbox 1116 1867 1299 1934; x_wconf 91' lang='lat' dir='ltr'><strong>absurdum</strong></span> 
     </span>
     <span class='ocr_line' id='line_1_13' title="bbox 153 1972 1427 2060; baseline 0 -22"><span class='ocrx_word' id='word_1_71' title='bbox 153 1974 207 2038; x_wconf 90' lang='lat' dir='ltr'><strong>est</strong></span> <span class='ocrx_word' id='word_1_72' title='bbox 228 1973 403 2055; x_wconf 88' lang='lat' dir='ltr'><strong>comicum,</strong></span> <span class='ocrx_word' id='word_1_73' title='bbox 435 1997 509 2040; x_wconf 91' lang='lat' dir='ltr'><strong>oum</strong></span> <span class='ocrx_word' id='word_1_74' title='bbox 529 1976 618 2060; x_wconf 89' lang='lat' dir='ltr'><strong>apte</strong></span> <span class='ocrx_word' id='word_1_75' title='bbox 649 1976 851 2060; x_wconf 85' lang='lat' dir='ltr'><strong>argumenta</strong></span> <span class='ocrx_word' id='word_1_76' title='bbox 883 1973 1068 2059; x_wconf 84' lang='lat' dir='ltr'><strong>confingat,</strong></span> <span class='ocrx_word' id='word_1_77' title='bbox 1101 1972 1157 2039; x_wconf 85' lang='lat' dir='ltr'><strong>vel</strong></span> <span class='ocrx_word' id='word_1_78' title='bbox 1178 1995 1299 2050; x_wconf 87' lang='lat' dir='ltr'><strong>nomen</strong></span> <span class='ocrx_word' id='word_1_79' title='bbox 1418 1972 1427 1983; x_wconf 53' lang='lat'><em>¹</em></span> 
     </span>
     <span class='ocr_line' id='line_1_14' title="bbox 154 2075 1299 2164; baseline 0.001 -22"><span class='ocrx_word' id='word_1_80' title='bbox 154 2099 318 2164; x_wconf 84' lang='lat' dir='ltr'><strong>personae</strong></span> <span class='ocrx_word' id='word_1_81' title='bbox 334 2078 556 2164; x_wconf 82' lang='lat' dir='ltr'><strong>incongruum</strong></span> <span class='ocrx_word' id='word_1_82' title='bbox 584 2077 665 2144; x_wconf 85' lang='lat' dir='ltr'><strong>dare</strong></span> <span class='ocrx_word' id='word_1_83' title='bbox 681 2077 737 2142; x_wconf 88' lang='lat' dir='ltr'><strong>vel</strong></span> <span class='ocrx_word' id='word_1_84' title='bbox 753 2078 917 2158; x_wconf 82' lang='lat' dir='ltr'><strong>officium,</strong></span> <span class='ocrx_word' id='word_1_85' title='bbox 942 2078 1031 2164; x_wconf 88' lang='lat' dir='ltr'><strong>quod</strong></span> <span class='ocrx_word' id='word_1_86' title='bbox 1055 2078 1101 2144; x_wconf 91' lang='lat' dir='ltr'><strong>sit</strong></span> <span class='ocrx_word' id='word_1_87' title='bbox 1124 2100 1144 2143; x_wconf 89' lang='lat' dir='ltr'><strong>a</strong></span> <span class='ocrx_word' id='word_1_88' title='bbox 1167 2075 1299 2143; x_wconf 85' lang='lat' dir='ltr'><strong>nomine</strong></span> 
     </span>
     <span class='ocr_line' id='line_1_15' title="bbox 152 2180 1298 2270; baseline -0.003 -22"><span class='ocrx_word' id='word_1_89' title='bbox 152 2180 329 2248; x_wconf 87' lang='lat' dir='ltr'><strong>diversum‘</strong></span> <span class='ocrx_word' id='word_1_90' title='bbox 361 2186 536 2267; x_wconf 88' lang='lat' dir='ltr'><strong>(secuntur</strong></span> <span class='ocrx_word' id='word_1_91' title='bbox 561 2183 730 2270; x_wconf 87' lang='lat' dir='ltr'><strong>exempla,</strong></span> <span class='ocrx_word' id='word_1_92' title='bbox 754 2183 904 2266; x_wconf 85' lang='lat' dir='ltr'><strong>deinde),</strong></span> <span class='ocrx_word' id='word_1_93' title='bbox 936 2182 970 2248; x_wconf 90' lang='lat' dir='ltr'><strong>iu</strong></span> <span class='ocrx_word' id='word_1_94' title='bbox 994 2184 1113 2269; x_wconf 92' lang='lat' dir='ltr'><strong>quibus</strong></span> <span class='ocrx_word' id='word_1_95' title='bbox 1137 2204 1298 2249; x_wconf 90' lang='lat' dir='ltr'><strong>summum</strong></span> 
     </span>
     <span class='ocr_line' id='line_1_16' title="bbox 150 2287 1295 2374; baseline -0.001 -22"><span class='ocrx_word' id='word_1_96' title='bbox 150 2288 273 2372; x_wconf 87' lang='lat' dir='ltr'><strong>poetae</strong></span> <span class='ocrx_word' id='word_1_97' title='bbox 295 2287 416 2354; x_wconf 90' lang='lat' dir='ltr'><strong>vitium</strong></span> <span class='ocrx_word' id='word_1_98' title='bbox 440 2291 509 2370; x_wconf 84' lang='lat' dir='ltr'><strong>est,</strong></span> <span class='ocrx_word' id='word_1_99' title='bbox 543 2288 571 2353; x_wconf 93' lang='lat' dir='ltr'><strong>si</strong></span> <span class='ocrx_word' id='word_1_100' title='bbox 601 2288 682 2374; x_wconf 89' lang='lat' dir='ltr'><strong>quid</strong></span> <span class='ocrx_word' id='word_1_101' title='bbox 706 2310 724 2354; x_wconf 88' lang='lat' dir='ltr'><strong>e</strong></span> <span class='ocrx_word' id='word_1_102' title='bbox 748 2287 920 2355; x_wconf 88' lang='lat' dir='ltr'><strong>contrario</strong></span> <span class='ocrx_word' id='word_1_103' title='bbox 943 2310 1136 2374; x_wconf 84' lang='lat' dir='ltr'><strong>repugnans</strong></span> <span class='ocrx_word' id='word_1_104' title='bbox 1159 2289 1295 2354; x_wconf 88' lang='lat' dir='ltr'><strong>contra·</strong></span> 
     </span>
     <span class='ocr_line' id='line_1_17' title="bbox 150 2391 1295 2480; baseline 0.001 -25"><span class='ocrx_word' id='word_1_105' title='bbox 150 2391 240 2456; x_wconf 89' lang='lat' dir='ltr'><strong>rium</strong></span> <span class='ocrx_word' id='word_1_106' title='bbox 261 2391 498 2480; x_wconf 88' lang='lat' dir='ltr'><strong>diversumque</strong></span> <span class='ocrx_word' id='word_1_107' title='bbox 520 2393 725 2480; x_wconf 84' lang='lat' dir='ltr'><strong>protulerit,</strong></span> <span class='ocrx_word' id='word_1_108' title='bbox 764 2392 830 2460; x_wconf 89' lang='lat' dir='ltr'><strong>uisi</strong></span> <span class='ocrx_word' id='word_1_109' title='bbox 851 2416 927 2480; x_wconf 89' lang='lat' dir='ltr'><strong>per</strong></span> <span class='ocrx_word' id='word_1_110' title='bbox 951 2393 1217 2478; x_wconf 77' lang='grc' dir='ltr'><strong><em>ἀντίφρασιν</em></strong></span> <span class='ocrx_word' id='word_1_111' title='bbox 1238 2391 1295 2457; x_wconf 91' lang='lat' dir='ltr'><strong>io-</strong></span> 
     </span>
     <span class='ocr_line' id='line_1_18' title="bbox 150 2496 1293 2586; baseline 0 -24"><span class='ocrx_word' id='word_1_112' title='bbox 150 2497 373 2564; x_wconf 88' lang='lat' dir='ltr'><strong>culariter</strong></span> <span class='ocrx_word' id='word_1_113' title='bbox 396 2521 551 2565; x_wconf 92' lang='lat' dir='ltr'><strong>nomen</strong></span> <span class='ocrx_word' id='word_1_114' title='bbox 573 2498 777 2586; x_wconf 88' lang='lat' dir='ltr'><strong>imponit,</strong></span> <span class='ocrx_word' id='word_1_115' title='bbox 802 2502 841 2565; x_wconf 89' lang='lat' dir='ltr'><strong>ut</strong></span> <span class='ocrx_word' id='word_1_116' title='bbox 855 2499 1102 2586; x_wconf 86' lang='lat' dir='ltr'><strong>Misorgyrides</strong></span> <span class='ocrx_word' id='word_1_117' title='bbox 1119 2498 1154 2564; x_wconf 92' lang='lat' dir='ltr'><strong>in</strong></span> <span class='ocrx_word' id='word_1_118' title='bbox 1170 2496 1293 2563; x_wconf 86' lang='lat' dir='ltr'><strong>Plauto</strong></span> 
     </span>
     <span class='ocr_line' id='line_1_19' title="bbox 151 2599 1293 2691; baseline 0.002 -25"><span class='ocrx_word' id='word_1_119' title='bbox 151 2599 276 2667; x_wconf 84' lang='lat' dir='ltr'><strong>dicitur</strong></span> <span class='ocrx_word' id='word_1_120' title='bbox 297 2604 480 2690; x_wconf 85' lang='lat' dir='ltr'><strong>trapezita.</strong></span> <span class='ocrx_word' id='word_1_121' title='bbox 505 2607 540 2670; x_wconf 88' lang='lat' dir='ltr'><strong>et</strong></span> <span class='ocrx_word' id='word_1_122' title='bbox 562 2603 636 2670; x_wconf 82' lang='lat' dir='ltr'><strong>fere</strong></span> <span class='ocrx_word' id='word_1_123' title='bbox 660 2605 749 2691; x_wconf 90' lang='lat' dir='ltr'><strong>apud</strong></span> <span class='ocrx_word' id='word_1_124' title='bbox 778 2604 865 2671; x_wconf 86' lang='lat' dir='ltr'><strong>alios</strong></span> <span class='ocrx_word' id='word_1_125' title='bbox 890 2605 952 2671; x_wconf 91' lang='lat' dir='ltr'><strong>hoc</strong></span> <span class='ocrx_word' id='word_1_126' title='bbox 975 2604 1071 2670; x_wconf 93' lang='lat' dir='ltr'><strong>modo</strong></span> <span class='ocrx_word' id='word_1_127' title='bbox 1094 2605 1213 2690; x_wconf 89' lang='lat' dir='ltr'><strong>poetas</strong></span> <span class='ocrx_word' id='word_1_128' title='bbox 1236 2625 1293 2668; x_wconf 92' lang='lat' dir='ltr'><strong>uo-</strong></span> 
     </span>
     <span class='ocr_line' id='line_1_20' title="bbox 152 2706 1294 2795; baseline 0.001 -25"><span class='ocrx_word' id='word_1_129' title='bbox 152 2706 242 2772; x_wconf 90' lang='lat' dir='ltr'><strong>mina</strong></span> <span class='ocrx_word' id='word_1_130' title='bbox 265 2711 511 2794; x_wconf 85' lang='lat' dir='ltr'><strong>componuntur</strong></span> <span class='ocrx_word' id='word_1_131' title='bbox 543 2731 605 2795; x_wconf 90' lang='lat' dir='ltr'><strong>per</strong></span> <span class='ocrx_word' id='word_1_132' title='bbox 636 2709 839 2793; x_wconf 80' lang='grc' dir='ltr'><strong><em>ἀντίφρασιν</em></strong></span> <span class='ocrx_word' id='word_1_133' title='bbox 863 2708 1088 2776; x_wconf 81' lang='lat' dir='ltr'><strong>describentis</strong></span> <span class='ocrx_word' id='word_1_134' title='bbox 1118 2707 1207 2795; x_wconf 92' lang='lat' dir='ltr'><strong>quod</strong></span> <span class='ocrx_word' id='word_1_135' title='bbox 1239 2706 1294 2772; x_wconf 90' lang='lat' dir='ltr'><strong>de-</strong></span> 
     </span>
     <span class='ocr_line' id='line_1_21' title="bbox 151 2811 1292 2900; baseline 0.001 -23"><span class='ocrx_word' id='word_1_136' title='bbox 151 2812 308 2897; x_wconf 65' lang='lat' dir='ltr'><strong>signant,</strong></span> <span class='ocrx_word' id='word_1_137' title='bbox 331 2812 397 2879; x_wconf 88' lang='lat' dir='ltr'><strong>Ad.</strong></span> <span class='ocrx_word' id='word_1_138' title='bbox 421 2814 484 2878; x_wconf 78' lang='lat'><strong>581</strong></span> <span class='ocrx_word' id='word_1_139' title='bbox 521 2837 677 2900; x_wconf 85' lang='lat' dir='ltr'><strong>‚congrue</strong></span> <span class='ocrx_word' id='word_1_140' title='bbox 712 2837 831 2881; x_wconf 88' lang='lat' dir='ltr'><strong>nomen</strong></span> <span class='ocrx_word' id='word_1_141' title='bbox 853 2814 985 2881; x_wconf 87' lang='lat' dir='ltr'><strong>invenit</strong></span> <span class='ocrx_word' id='word_1_142' title='bbox 1008 2813 1108 2880; x_wconf 90' lang='lat' dir='ltr'><strong>diviti</strong></span> <span class='ocrx_word' id='word_1_143' title='bbox 1132 2811 1292 2879; x_wconf 80' lang='lat' dir='ltr'><strong>Cratinus</strong></span> 
     </span>
     <span class='ocr_line' id='line_1_22' title="bbox 150 2915 1291 3006; baseline 0.002 -25"><span class='ocrx_word' id='word_1_144' title='bbox 150 2915 215 2982; x_wconf 81' lang='grc' dir='ltr'><strong>ἀπὸ</strong></span> <span class='ocrx_word' id='word_1_145' title='bbox 243 2928 303 2983; x_wconf 81' lang='grc' dir='ltr'><strong>τοῦ</strong></span> <span class='ocrx_word' id='word_1_146' title='bbox 332 2919 476 3001; x_wconf 75' lang='grc' dir='ltr'><strong><em>κράτους</em></strong></span> <span class='ocrx_word' id='word_1_147' title='bbox 506 2919 597 2985; x_wconf 91' lang='lat' dir='ltr'><strong>idest</strong></span> <span class='ocrx_word' id='word_1_148' title='bbox 630 2943 650 2986; x_wconf 91' lang='lat' dir='ltr'><strong>a</strong></span> <span class='ocrx_word' id='word_1_149' title='bbox 679 2919 857 3006; x_wconf 67' lang='lat' dir='ltr'><strong>potentia,</strong></span> <span class='ocrx_word' id='word_1_150' title='bbox 900 2919 986 2984; x_wconf 85' lang='lat' dir='ltr'><strong>Eun.</strong></span> <span class='ocrx_word' id='word_1_151' title='bbox 1022 2919 1126 2984; x_wconf 64' lang='lat'><strong>4142</strong></span> <span class='ocrx_word' id='word_1_152' title='bbox 1161 2917 1291 2999; x_wconf 84' lang='lat' dir='ltr'><strong>,Strato</strong></span> 
     </span>
     <span class='ocr_line' id='line_1_23' title="bbox 149 3023 1292 3109; baseline 0.002 -23"><span class='ocrx_word' id='word_1_153' title='bbox 149 3043 269 3088; x_wconf 85' lang='lat' dir='ltr'><strong>nomen</strong></span> <span class='ocrx_word' id='word_1_154' title='bbox 291 3024 572 3090; x_wconf 84' lang='lat' dir='ltr'><strong>accommodatum</strong></span> <span class='ocrx_word' id='word_1_155' title='bbox 601 3024 766 3106; x_wconf 80' lang='lat' dir='ltr'><strong>militiac‘,</strong></span> <span class='ocrx_word' id='word_1_156' title='bbox 791 3025 893 3091; x_wconf 68' lang='lat'>7743</span> <span class='ocrx_word' id='word_1_157' title='bbox 926 3025 1020 3105; x_wconf 83' lang='lat' dir='ltr'><strong>,mire</strong></span> <span class='ocrx_word' id='word_1_158' title='bbox 1043 3023 1226 3109; x_wconf 88' lang='lat' dir='ltr'><strong>composita</strong></span> <span class='ocrx_word' id='word_1_159' title='bbox 1249 3023 1292 3088; x_wconf 92' lang='lat' dir='ltr'><strong>ad</strong></span> 
     </span>
     <span class='ocr_line' id='line_1_24' title="bbox 149 3127 1292 3216; baseline 0 -24"><span class='ocrx_word' id='word_1_160' title='bbox 149 3130 377 3214; x_wconf 83' lang='lat' dir='ltr'><strong>contemptum</strong></span> <span class='ocrx_word' id='word_1_161' title='bbox 392 3129 527 3195; x_wconf 86' lang='lat' dir='ltr'><strong>nomina</strong></span> <span class='ocrx_word' id='word_1_162' title='bbox 542 3129 820 3216; x_wconf 85' lang='lat' dir='ltr'><strong>legionariorum;</strong></span> <span class='ocrx_word' id='word_1_163' title='bbox 842 3152 919 3195; x_wconf 87' lang='lat' dir='ltr'><strong>nam</strong></span> <span class='ocrx_word' id='word_1_164' title='bbox 934 3131 1056 3196; x_wconf 86' lang='lat' dir='ltr'><strong>Donax</strong></span> <span class='ocrx_word' id='word_1_165' title='bbox 1071 3129 1113 3194; x_wconf 89' lang='lat' dir='ltr'><strong>ab</strong></span> <span class='ocrx_word' id='word_1_166' title='bbox 1129 3127 1292 3194; x_wconf 89' lang='lat' dir='ltr'><strong>arundine</strong></span> 
     </span>
     <span class='ocr_line' id='line_1_25' title="bbox 149 3233 1292 3320; baseline 0.001 -24"><span class='ocrx_word' id='word_1_167' title='bbox 149 3254 285 3315; x_wconf 81' lang='lat' dir='ltr'><strong>nomen,</strong></span> <span class='ocrx_word' id='word_1_168' title='bbox 316 3233 425 3301; x_wconf 85' lang='lat' dir='ltr'><strong>veluti</strong></span> <span class='ocrx_word' id='word_1_169' title='bbox 456 3234 502 3301; x_wconf 89' lang='lat' dir='ltr'><strong>sit</strong></span> <span class='ocrx_word' id='word_1_170' title='bbox 532 3234 642 3300; x_wconf 89' lang='lat' dir='ltr'><strong>inanis</strong></span> <span class='ocrx_word' id='word_1_171' title='bbox 669 3238 705 3301; x_wconf 89' lang='lat' dir='ltr'><strong>et</strong></span> <span class='ocrx_word' id='word_1_172' title='bbox 727 3235 877 3320; x_wconf 77' lang='lat' dir='ltr'><strong>fragilia,</strong></span> <span class='ocrx_word' id='word_1_173' title='bbox 913 3234 1051 3302; x_wconf 82' lang='lat' dir='ltr'><strong>Simalio</strong></span> <span class='ocrx_word' id='word_1_174' title='bbox 1075 3257 1096 3300; x_wconf 90' lang='lat' dir='ltr'><strong>a</strong></span> <span class='ocrx_word' id='word_1_175' title='bbox 1118 3234 1212 3300; x_wconf 89' lang='lat' dir='ltr'><strong>simio</strong></span> <span class='ocrx_word' id='word_1_176' title='bbox 1237 3233 1292 3298; x_wconf 91' lang='lat' dir='ltr'><strong>vel</strong></span> 
     </span>
     <span class='ocr_line' id='line_1_26' title="bbox 148 3336 1291 3422; baseline -0.002 -20"><span class='ocrx_word' id='word_1_177' title='bbox 148 3357 169 3402; x_wconf 85' lang='lat' dir='ltr'><strong>a</strong></span> <span class='ocrx_word' id='word_1_178' title='bbox 192 3337 286 3402; x_wconf 87' lang='lat' dir='ltr'><strong>simia</strong></span> <span class='ocrx_word' id='word_1_179' title='bbox 308 3337 501 3404; x_wconf 88' lang='lat' dir='ltr'><strong>derivatum</strong></span> <span class='ocrx_word' id='word_1_180' title='bbox 524 3348 577 3404; x_wconf 87' lang='lat' dir='ltr'><strong>ast</strong></span> <span class='ocrx_word' id='word_1_181' title='bbox 601 3341 642 3405; x_wconf 93' lang='lat' dir='ltr'><strong>ob</strong></span> <span class='ocrx_word' id='word_1_182' title='bbox 665 3340 867 3406; x_wconf 82' lang='lat' dir='ltr'><strong>foeditatem</strong></span> <span class='ocrx_word' id='word_1_183' title='bbox 890 3340 957 3405; x_wconf 88' lang='lat' dir='ltr'><strong>oris</strong></span> <span class='ocrx_word' id='word_1_184' title='bbox 979 3339 1034 3404; x_wconf 87' lang='lat' dir='ltr'><strong>vel</strong></span> <span class='ocrx_word' id='word_1_185' title='bbox 1057 3337 1145 3418; x_wconf 83' lang='lat' dir='ltr'><strong>nasi,</strong></span> <span class='ocrx_word' id='word_1_186' title='bbox 1177 3336 1291 3422; x_wconf 84' lang='lat' dir='ltr'><strong>Syris-</strong></span> 
     </span>
     <span class='ocr_line' id='line_1_27' title="bbox 148 3441 1290 3531; baseline 0 -25"><span class='ocrx_word' id='word_1_187' title='bbox 148 3463 205 3507; x_wconf 85' lang='lat' dir='ltr'><strong>cus</strong></span> <span class='ocrx_word' id='word_1_188' title='bbox 221 3441 289 3507; x_wconf 89' lang='lat' dir='ltr'><strong>iam</strong></span> <span class='ocrx_word' id='word_1_189' title='bbox 305 3442 542 3510; x_wconf 86' lang='lat' dir='ltr'><strong>diminutivum</strong></span> <span class='ocrx_word' id='word_1_190' title='bbox 558 3448 611 3510; x_wconf 91' lang='lat' dir='ltr'><strong>est</strong></span> <span class='ocrx_word' id='word_1_191' title='bbox 627 3467 647 3510; x_wconf 87' lang='lat' dir='ltr'><strong>a</strong></span> <span class='ocrx_word' id='word_1_192' title='bbox 663 3445 762 3531; x_wconf 80' lang='lat' dir='ltr'><strong>Syro‘</strong></span> <span class='ocrx_word' id='word_1_193' title='bbox 780 3446 821 3511; x_wconf 84' lang='lat' dir='ltr'><strong>cf.</strong></span> <span class='ocrx_word' id='word_1_194' title='bbox 838 3447 912 3511; x_wconf 82' lang='lat'><strong>814.</strong></span> <span class='ocrx_word' id='word_1_195' title='bbox 921 3447 951 3526; x_wconf 81' lang='lat'><strong>3,</strong></span> <span class='ocrx_word' id='word_1_196' title='bbox 975 3445 1055 3510; x_wconf 85' lang='lat' dir='ltr'><strong>Hac.</strong></span> <span class='ocrx_word' id='word_1_197' title='bbox 1069 3445 1120 3510; x_wconf 79' lang='lat'><strong>78.</strong></span> <span class='ocrx_word' id='word_1_198' title='bbox 1134 3444 1163 3525; x_wconf 83' lang='lat'><strong>4,</strong></span> <span class='ocrx_word' id='word_1_199' title='bbox 1186 3441 1290 3506; x_wconf 91' lang='lat' dir='ltr'><strong>Phor.</strong></span> 
     </span>
     <span class='ocr_line' id='line_1_28' title="bbox 148 3545 1291 3637; baseline 0.003 -28"><span class='ocrx_word' id='word_1_200' title='bbox 148 3545 1291 3637; x_wconf 78' lang='lat' dir='ltr'><strong>26.1‚praef.Il,An.22b.4,sempernominacomioorum</strong></span> 
     </span>
     <span class='ocr_line' id='line_1_29' title="bbox 148 3654 1289 3742; baseline 0.004 -25"><span class='ocrx_word' id='word_1_201' title='bbox 148 3673 384 3719; x_wconf 87' lang='lat' dir='ltr'><strong>sorvorum</strong></span> <span class='ocrx_word' id='word_1_202' title='bbox 398 3659 459 3719; x_wconf 86' lang='lat' dir='ltr'><strong>aut</strong></span> <span class='ocrx_word' id='word_1_203' title='bbox 475 3655 703 3721; x_wconf 82' lang='lat' dir='ltr'><strong>auctionibus</strong></span> <span class='ocrx_word' id='word_1_204' title='bbox 728 3661 808 3722; x_wconf 90' lang='lat' dir='ltr'><strong>sunt</strong></span> <span class='ocrx_word' id='word_1_205' title='bbox 831 3657 950 3739; x_wconf 86' lang='lat' dir='ltr'><strong>indita,</strong></span> <span class='ocrx_word' id='word_1_206' title='bbox 975 3660 1014 3722; x_wconf 91' lang='lat' dir='ltr'><strong>ut</strong></span> <span class='ocrx_word' id='word_1_207' title='bbox 1028 3657 1147 3742; x_wconf 83' lang='lat' dir='ltr'><strong>Mysis,</strong></span> <span class='ocrx_word' id='word_1_208' title='bbox 1169 3654 1289 3739; x_wconf 76' lang='lat' dir='ltr'><strong>Syrus,</strong></span> 
     </span>
     <span class='ocr_line' id='line_1_30' title="bbox 147 3757 1290 3850; baseline 0.005 -28"><span class='ocrx_word' id='word_1_209' title='bbox 147 3759 208 3822; x_wconf 89' lang='lat' dir='ltr'><strong>aut</strong></span> <span class='ocrx_word' id='word_1_210' title='bbox 231 3779 272 3822; x_wconf 88' lang='lat' dir='ltr'><strong>ex</strong></span> <span class='ocrx_word' id='word_1_211' title='bbox 295 3757 533 3850; x_wconf 70' lang='lat' dir='ltr'><strong>accidentibus</strong></span> <span class='ocrx_word' id='word_1_212' title='bbox 557 3764 598 3826; x_wconf 92' lang='lat' dir='ltr'><strong>ut</strong></span> <span class='ocrx_word' id='word_1_213' title='bbox 613 3761 736 3827; x_wconf 89' lang='lat' dir='ltr'><strong>Lesbia</strong></span> <span class='ocrx_word' id='word_1_214' title='bbox 752 3763 847 3829; x_wconf 89' lang='lat' dir='ltr'><strong>velut</strong></span> <span class='ocrx_word' id='word_1_215' title='bbox 863 3763 995 3829; x_wconf 87' lang='lat' dir='ltr'><strong>ebriosa</strong></span> <span class='ocrx_word' id='word_1_216' title='bbox 1011 3784 1031 3826; x_wconf 88' lang='lat' dir='ltr'><strong>a</strong></span> <span class='ocrx_word' id='word_1_217' title='bbox 1046 3763 1155 3828; x_wconf 89' lang='lat' dir='ltr'><strong>Lesbo</strong></span> <span class='ocrx_word' id='word_1_218' title='bbox 1178 3761 1290 3828; x_wconf 87' lang='lat' dir='ltr'><strong>insula</strong></span> 
     </span>
     <span class='ocr_line' id='line_1_31' title="bbox 148 3863 1289 3949; baseline 0.004 -24"><span class='ocrx_word' id='word_1_219' title='bbox 148 3910 206 3926; x_wconf 90' lang='lat'><strong>...</strong></span> <span class='ocrx_word' id='word_1_220' title='bbox 229 3865 290 3927; x_wconf 90' lang='lat' dir='ltr'><strong>aut</strong></span> <span class='ocrx_word' id='word_1_221' title='bbox 314 3884 335 3928; x_wconf 89' lang='lat' dir='ltr'><strong>a</strong></span> <span class='ocrx_word' id='word_1_222' title='bbox 358 3863 542 3930; x_wconf 89' lang='lat' dir='ltr'><strong>moribus</strong></span> <span class='ocrx_word' id='word_1_223' title='bbox 568 3868 604 3930; x_wconf 89' lang='lat' dir='ltr'><strong>et</strong></span> <span class='ocrx_word' id='word_1_224' title='bbox 624 3865 835 3949; x_wconf 84' lang='lat' dir='ltr'><strong>vernilitate,</strong></span> <span class='ocrx_word' id='word_1_225' title='bbox 870 3870 910 3932; x_wconf 93' lang='lat' dir='ltr'><strong>ut</strong></span> <span class='ocrx_word' id='word_1_226' title='bbox 933 3866 1135 3947; x_wconf 79' lang='lat' dir='ltr'><strong>Pseudolus,</strong></span> <span class='ocrx_word' id='word_1_227' title='bbox 1165 3872 1226 3933; x_wconf 88' lang='lat' dir='ltr'><strong>aut</strong></span> <span class='ocrx_word' id='word_1_228' title='bbox 1248 3888 1289 3931; x_wconf 83' lang='lat' dir='ltr'><strong>ex</strong></span> 
     </span>
     <span class='ocr_line' id='line_1_32' title="bbox 147 3966 1287 4060; baseline 0.005 -29"><span class='ocrx_word' id='word_1_229' title='bbox 147 3966 294 4051; x_wconf 80' lang='lat' dir='ltr'><strong>negotio,</strong></span> <span class='ocrx_word' id='word_1_230' title='bbox 309 3971 349 4034; x_wconf 89' lang='lat' dir='ltr'><strong>ut</strong></span> <span class='ocrx_word' id='word_1_231' title='bbox 361 3967 556 4054; x_wconf 86' lang='lat' dir='ltr'><strong>Chrysalus,</strong></span> <span class='ocrx_word' id='word_1_232' title='bbox 567 3974 629 4036; x_wconf 87' lang='lat' dir='ltr'><strong>aut</strong></span> <span class='ocrx_word' id='word_1_233' title='bbox 641 3994 682 4037; x_wconf 84' lang='lat' dir='ltr'><strong>ex</strong></span> <span class='ocrx_word' id='word_1_234' title='bbox 695 3971 863 4058; x_wconf 80' lang='lat' dir='ltr'><strong>qualitate</strong></span> <span class='ocrx_word' id='word_1_235' title='bbox 876 3972 1036 4060; x_wconf 85' lang='lat' dir='ltr'><strong>corporis,</strong></span> <span class='ocrx_word' id='word_1_236' title='bbox 1054 3978 1092 4038; x_wconf 88' lang='lat' dir='ltr'><strong>ut</strong></span> <span class='ocrx_word' id='word_1_237' title='bbox 1106 3971 1287 4059; x_wconf 77' lang='lat' dir='ltr'><strong>Thylacus,</strong></span> 
     </span>
     <span class='ocr_line' id='line_1_33' title="bbox 147 4072 1288 4159; baseline 0.004 -23"><span class='ocrx_word' id='word_1_238' title='bbox 147 4072 209 4136; x_wconf 84' lang='lat' dir='ltr'><strong>aut</strong></span> <span class='ocrx_word' id='word_1_239' title='bbox 231 4092 272 4136; x_wconf 84' lang='lat' dir='ltr'><strong>ex</strong></span> <span class='ocrx_word' id='word_1_240' title='bbox 295 4073 405 4158; x_wconf 90' lang='lat' dir='ltr'><strong>specie</strong></span> <span class='ocrx_word' id='word_1_241' title='bbox 428 4073 573 4157; x_wconf 82' lang='lat' dir='ltr'><strong>formae,</strong></span> <span class='ocrx_word' id='word_1_242' title='bbox 609 4079 647 4141; x_wconf 89' lang='lat' dir='ltr'><strong>ut</strong></span> <span class='ocrx_word' id='word_1_243' title='bbox 669 4076 861 4143; x_wconf 83' lang='lat' dir='ltr'><strong>Pinacium‘.</strong></span> <span class='ocrx_word' id='word_1_244' title='bbox 909 4077 1058 4159; x_wconf 78' lang='lat' dir='ltr'><strong>Quorum</strong></span> <span class='ocrx_word' id='word_1_245' title='bbox 1086 4078 1288 4143; x_wconf 81' lang='lat' dir='ltr'><strong>scholiorum</strong></span> 
     </span>
     <span class='ocr_line' id='line_1_34' title="bbox 146 4173 1287 4269; baseline 0.003 -28"><span class='ocrx_word' id='word_1_246' title='bbox 146 4173 263 4243; x_wconf 88' lang='lat' dir='ltr'><strong>soholl.</strong></span> <span class='ocrx_word' id='word_1_247' title='bbox 279 4176 343 4243; x_wconf 83' lang='lat' dir='ltr'><strong>Ad</strong></span> <span class='ocrx_word' id='word_1_248' title='bbox 360 4179 442 4245; x_wconf 51' lang='lat' dir='ltr'><strong>26st</strong></span> <span class='ocrx_word' id='word_1_249' title='bbox 467 4183 503 4245; x_wconf 91' lang='lat' dir='ltr'><strong>et</strong></span> <span class='ocrx_word' id='word_1_250' title='bbox 518 4180 585 4246; x_wconf 80' lang='lat' dir='ltr'><strong>An.</strong></span> <span class='ocrx_word' id='word_1_251' title='bbox 603 4183 676 4247; x_wconf 78' lang='lat'><strong>226.</strong></span> <span class='ocrx_word' id='word_1_252' title='bbox 693 4181 715 4246; x_wconf 82' lang='lat'><strong>4</strong></span> <span class='ocrx_word' id='word_1_253' title='bbox 736 4181 845 4268; x_wconf 89' lang='lat' dir='ltr'><strong>ipsum</strong></span> <span class='ocrx_word' id='word_1_254' title='bbox 861 4181 1058 4269; x_wconf 88' lang='lat' dir='ltr'><strong>disciplinae</strong></span> <span class='ocrx_word' id='word_1_255' title='bbox 1072 4186 1287 4269; x_wconf 87' lang='lat' dir='ltr'><strong>praeceptum</strong></span> 
     </span>
     <span class='ocr_line' id='line_1_35' title="bbox 146 4274 1288 4373; baseline 0.003 -26"><span class='ocrx_word' id='word_1_256' title='bbox 146 4274 315 4350; x_wconf 81' lang='lat' dir='ltr'><strong>exhibent.</strong></span> <span class='ocrx_word' id='word_1_257' title='bbox 361 4283 483 4351; x_wconf 83' lang='lat' dir='ltr'><strong>Potest</strong></span> <span class='ocrx_word' id='word_1_258' title='bbox 506 4285 613 4370; x_wconf 86' lang='lat' dir='ltr'><strong>igitur</strong></span> <span class='ocrx_word' id='word_1_259' title='bbox 636 4289 739 4372; x_wconf 85' lang='lat' dir='ltr'><strong>poeta</strong></span> <span class='ocrx_word' id='word_1_260' title='bbox 762 4287 903 4352; x_wconf 88' lang='lat' dir='ltr'><strong>comicus</strong></span> <span class='ocrx_word' id='word_1_261' title='bbox 938 4287 998 4369; x_wconf 75' lang='lat' dir='ltr'><strong>(sio</strong></span> <span class='ocrx_word' id='word_1_262' title='bbox 1022 4287 1205 4373; x_wconf 83' lang='lat' dir='ltr'><strong>diligenter</strong></span> <span class='ocrx_word' id='word_1_263' title='bbox 1234 4285 1288 4350; x_wconf 90' lang='lat' dir='ltr'><strong>hic</strong></span> 
     </span>
    </p>
   </div>
   <div class='ocr_carea' id='block_1_6' title="bbox 0 0 1478 4734">
    <p class='ocr_par' dir='ltr' id='par_1_7' title="bbox 0 0 1478 4734">
     <span class='ocr_line' id='line_1_36' title="bbox 0 0 1478 4734; baseline 0 3"><span class='ocrx_word' id='word_1_264' title='bbox 0 0 1478 4734; x_wconf 95' lang='lat' dir='ltr'><strong> </strong></span> 
     </span>
    </p>
   </div>
  </div>
 </body>
</html>
