2946 4734
637 347 842 412 „25-

152 520 180 571 et
198 517 302 571 anthol.
321 518 369 572 lat.
388 519 449 582 897,
462 519 526 588 seq.

295 622 376 676 parce
393 623 560 675 supervacuo
579 608 653 662 cultu
671 625 834 680 componere
852 613 991 668 membra:

370 692 465 763 augeri
483 695 573 748 studio
591 698 650 749 tam
669 696 743 752 bona
761 698 850 753 forma
868 700 965 769 nequit
983 718 1038 770 eqs.

149 788 230 857 Prop.
249 788 272 839 ll
293 787 334 855 18,
350 786 382 840 25

295 877 326 926 ut
343 877 444 928 natura
462 875 545 938 dedit,
565 875 602 930 sic
621 875 709 930 omnis
728 880 804 932 recta
821 879 911 948 figura
928 883 975 935 est.

150 967 227 1021 Ovid.
246 971 298 1023 art.
316 969 351 1021 lll
370 969 419 1021 257
430 987 469 1038 sq.

294 1055 428 1110 formosae
446 1073 501 1110 non
520 1056 587 1110 artis
605 1073 684 1126 opem
703 1060 903 1126 praeceptoque
921 1063 1076 1126 quaerunt:
1114 1063 1118 1070 '

369 1145 410 1196 est
428 1141 482 1195 illis
500 1161 548 1196 sua
567 1142 629 1205 dos,
653 1143 742 1197 forma
761 1143 819 1199 sine
837 1147 897 1198 arte
914 1148 1019 1214 potens.

150 1234 227 1289 Ovid.
246 1235 347 1290 remed.
366 1235 417 1289 350

370 1321 443 1376 fallit
462 1321 534 1375 enim
554 1321 655 1374 multas
674 1320 763 1374 forma
780 1319 839 1374 sine
857 1323 917 1374 arte
935 1321 1039 1376 decens.
1119 1323 1121 1328 ’

150 1417 241 1480 Talia
264 1437 340 1480 vero
361 1417 491 1480 Graecis
513 1416 698 1480 auctoribus
727 1415 835 1478 deberi
858 1416 1027 1478 manifesto
1045 1415 1206 1481 evincitur
1225 1423 1257 1482 et
1278 1438 1316 1482 ex

150 1517 265 1580 Plauto
282 1521 312 1579 et
327 1537 366 1579 ex
377 1516 561 1579 Philostrati
580 1515 715 1601 epistula
730 1515 830 1588 XXII,
854 1534 938 1596 quae
956 1520 1023 1578 tam
1038 1518 1187 1597 apertam
1207 1517 1316 1581 simili·

149 1617 293 1680 tudinem
315 1635 393 1696 prae
420 1635 454 1678 se
482 1615 542 1678 fert
561 1634 633 1677 cum
657 1613 815 1694 Propertii
838 1615 981 1678 carmine
996 1615 1009 1678 Ι
1024 1615 1059 1692 t,
1085 1617 1123 1679 ut
1149 1635 1224 1681 moa
1246 1618 1316 1698 qui·

149 1717 223 1779 dem
254 1716 411 1778 sententia
440 1713 580 1777 dubitari
611 1734 674 1777 non
704 1713 818 1794 possit,
853 1714 930 1795 quin
963 1720 1191 1794 argumentum
1221 1717 1316 1783 huius

150 1813 304 1897 epistulae
335 1834 374 1878 ex
405 1814 498 1877 simili
540 1814 640 1893 elegia
673 1812 891 1877 Alexandrina
926 1833 964 1877 ac
997 1813 1156 1896 Propertii
1184 1837 1316 1883 carmen

149 1919 313 1994 sumptum
336 1914 384 1977 sit.
428 1913 526 1977 Cuius
548 1912 702 1994 epistulae
725 1913 765 1975 ad
784 1918 927 1976 nostram
950 1916 1143 1979 sententiam
1165 1920 1315 1999 spectem

148 2014 229 2077 haec
250 2014 366 2077 verba:
390 2012 410 2096 ἡ
432 2013 469 2074 δὲ
491 2013 572 2097 καλή
593 2011 724 2083 οὐδενὸς
746 2013 852 2074 δεῖται
870 2015 935 2074 τῶν
963 2011 1145 2098 ἐπικτήτων
1166 2016 1314 2095 ἀρκοῦσα

150 2113 249 2194 ἑαυτῇ
271 2115 353 2193 πρός
376 2117 446 2175 πᾶν
468 2113 506 2173 τό
529 2108 710 2194 ὁλόκληρον.

118 2274 120 2277 ,
231 2221 347 2285 Paucis
372 2221 517 2285 versibus
548 2225 623 2285 ante
660 2221 736 2284 dicit
767 2219 896 2300 Scapha
925 2220 956 2283 in
986 2220 1092 2285 Plauti
1120 2220 1315 2288 Mostellaria

150 2321 273 2384 mulieri
295 2321 421 2384 florenti
446 2323 553 2384 aetate
576 2341 639 2384 non
664 2340 745 2401 opus
766 2339 834 2381 esse
857 2320 1028 2399 unguentis
1051 2323 1108 2384 aut
1131 2321 1227 2401 tucis,
1258 2322 1314 2386 sed

87 2417 90 2424 ’
150 2420 333 2484 huiusmodi
355 2419 495 2483 artificiis
517 2421 562 2483 uti
586 2423 710 2484 veteres
731 2423 762 2483 et
781 2419 959 2500 decrepitas
980 2420 1173 2498 meretrices
1191 2426 1229 2486 ut
1245 2441 1313 2486 cor·
1387 2478 1389 2482 .

148 2521 236 2602 poris
258 2520 335 2583 vitia
355 2520 570 2584 occultentur:
593 2541 622 2583 v.
646 2521 706 2584 263
729 2540 775 2601 sq.

268 2635 323 2671 non
343 2619 431 2672 istanc
448 2622 567 2674 aetatem
587 2622 695 2688 oportet
713 2618 884 2688 pigmentum
904 2617 989 2670 ullum
1008 2617 1155 2688 attingere.

269 2723 356 2774 neque
375 2723 507 2759 cerussam
526 2723 615 2773 neque
633 2706 766 2760 melinum
786 2723 874 2774 neque
892 2704 974 2760 aliam
994 2704 1086 2762 ullam,
1095 2704 1224 2760 offuciam
1242 2723 1297 2776 eqs.

146 2804 217 2855 etv.
238 2800 356 2867 273sqq.

366 2885 431 2953 quia
450 2887 555 2939 ecastor
573 2881 670 2936 mulier
688 2884 760 2935 recte
779 2882 841 2943 olet,
860 2879 906 2934 ubi
925 2879 995 2933 nihil
1014 2879 1077 2933 olet.

248 2991 312 3027 nam
332 2972 401 3025 istae
420 2974 534 3039 veteres,
553 2985 668 3039 quaese
687 2967 834 3036 unguentis
852 2965 1000 3029 unctitant,
1020 2965 1177 3035 interpolas,

249 3060 367 3120 vetulae,
387 3057 540 3120 edentulae,
562 3073 632 3124 quae
651 3055 720 3108 vitia
738 3053 857 3123 corporis
876 3052 938 3106 fuco
958 3052 1094 3116 occulunt,

251 3143 299 3198 ubi
317 3162 344 3198 se
363 3143 445 3196 sudor
464 3161 525 3197 cum
544 3141 692 3212 unguentis
710 3138 886 3206 consociavit,
905 3139 968 3194 ilico

250 3229 346 3284 itidem
365 3230 448 3296 olent,
468 3229 545 3296 quasi
564 3246 624 3281 oum
642 3245 698 3280 una
716 3227 804 3280 multa
822 3225 882 3280 iura
900 3225 1024 3280 confudit
1042 3241 1130 3280 cocus.

251 3315 318 3383 quid
337 3315 421 3384 olant,
440 3315 551 3376 nescias,
571 3314 624 3368 nisi
643 3313 670 3366 id
691 3331 775 3365 unum
796 3315 813 3379 †
832 3312 861 3365 ni
878 3313 950 3366 male
968 3311 1041 3367 olere
1059 3310 1206 3381 intelligas.

149 3418 270 3483 Similia
304 3418 454 3481 videntur
476 3417 631 3498 Augustei
663 3421 778 3498 poetae
809 3416 851 3479 ab
886 3415 1111 3481 Alexandrinis
1143 3416 1310 3499 accepisse,

148 3538 223 3581 nam
247 3517 400 3581 Horatius
429 3521 534 3580 scorto
567 3517 678 3580 eadem
708 3517 773 3579 lere
800 3535 838 3578 ac
862 3515 991 3596 Scapha
1019 3516 1194 3597 exprobrat

184 3624 261 3693 epod.
279 3623 334 3676 XII
354 3623 368 3673 7
383 3639 441 3690 sqq.

340 3707 387 3775 qui
406 3707 487 3761 sudor
505 3705 584 3761 vietis
603 3708 631 3759 et
649 3723 731 3774 quam
749 3705 836 3758 malus
850 3703 971 3772 undique
990 3703 1119 3758 membris

341 3793 437 3848 crescit
456 3792 537 3860 odor,
555 3810 616 3846 cum
635 3808 706 3861 pene
723 3793 811 3847 soluto

339 3880 501 3934 indomitam
521 3883 651 3949 properat
670 3877 774 3932 rabiem
794 3879 888 3933 sedare
905 3897 955 3933 nec
975 3878 1016 3931 illi

339 3965 395 4019 iam
414 3970 508 4019 manet
527 3965 620 4018 umida
638 3968 713 4020 creta
728 3967 855 4032 colorque

340 4056 458 4107 stercore
478 4053 584 4106 fucatus
604 4052 729 4106 crocodili
748 4068 802 4121 eqs.

147 4147 299 4211 Horatius
317 4153 435 4224 autem,
455 4147 561 4210 Plauti
576 4147 782 4224 obtrectator,
805 4151 890 4210 certe
904 4166 969 4210 non
981 4144 1193 4210 Mostellariae
1206 4142 1310 4207 locum
