2946 4734
656 217 696 283 61

98 422 132 466 se
154 421 282 486 quoqne
302 420 393 466 sacra
415 397 518 464 iacere
539 397 617 461 velle
645 397 770 480 poetica
792 394 949 480 (37-4d).
992 397 1132 464 Summis
1158 397 1260 466 laudi·

96 503 157 568 bus
178 503 292 566 deinde
317 501 406 566 eliert
427 501 612 564 defunctum
636 495 805 580 (43-173)
833 500 865 562 et
886 501 956 579 post
977 500 1260 582 complorationem

97 602 197 686 patris
219 598 407 684 (iva-194)
427 603 575 663 monetur
592 597 741 662 Claudius
758 597 917 676 Etruscus,
942 602 977 663 ut
994 600 1098 664 mittat
1117 601 1258 667 dolorem

98 699 298 783 (iao—216).

181 801 301 865 Deinde
346 800 604 873 Abascanto,
655 796 708 880 qni
753 796 975 879 complorabat
1022 798 1261 866 Priscillam

98 921 265 966 uxorem
278 901 471 975 defunctam,
487 898 606 962 Statius
617 897 773 960 dedicavit
782 897 1029 961 consolationem
1041 897 1120 980 (silv.
1134 901 1169 965 V.
1186 900 1216 983 l)
1230 902 1263 984 ¹).

97 1001 169 1080 Qua
192 1005 262 1083 post
288 1000 516 1081 expositionem
537 997 665 1078 (1-44)
688 997 911 1079 praedicantur
933 996 1083 1063 sublimes
1104 999 1263 1067 Priscillae

97 1102 233 1166 virtutes
252 1100 433 1180 coniugales
457 1097 626 1179 (ca-134)
654 1117 738 1179 quae
758 1117 825 1162 non
847 1119 918 1163 eam
940 1097 1134 1163 reddiderint
1155 1104 1266 1167 mortis

98 1202 264 1266 inmunem
293 1195 493 1282 (las-165).
545 1197 1073 1280 Accusanturiala(165-169).
1121 1199 1264 1268 Priscilla

98 1301 291 1365 moribunda
306 1300 375 1381 ipsa
390 1299 540 1362 maritum
553 1298 734 1362 consolatur
751 1296 949 1379 (lvo—169).
984 1298 1132 1363 Versibus
1150 1301 1265 1366 deinde

102 1401 264 1466 lul—uua
287 1400 367 1463 inest
389 1398 539 1462 funerum
560 1396 728 1479 descriptio
751 1402 782 1461 et
804 1396 987 1462 consolatio

182 1499 253 1564 Sui
284 1499 423 1582 patris
453 1498 566 1562 deinde
595 1500 696 1561 morte
728 1498 865 1577 graviter
896 1497 1031 1562 afflictus
1060 1498 1200 1562 dolorem
1233 1499 1265 1564 in

99 1619 229 1666 carmen
258 1597 502 1663 consolatorium
526 1595 606 1679 (silv.
630 1596 665 1660 V.
689 1596 720 1677 3)
747 1597 866 1661 Statius
896 1597 1027 1675 inludit,
1056 1600 1145 1663 cuius
1171 1619 1266 1680 argu-

100 1704 243 1767 mentum
266 1701 314 1762 est
337 1699 414 1761 hoc:
447 1716 645 1779 quamquam
671 1699 762 1760 tanto
784 1697 893 1761 dolore
919 1698 959 1760 sit
981 1698 1131 1775 affectus,
1159 1704 1194 1762 ut
1214 1700 1266 1764 vix

99 1801 199 1882 possit
222 1797 355 1879 elegiam
376 1797 574 1861 conscribere
593 1798 752 1875 (1-103),
775 1800 884 1860 tamen
905 1796 987 1861 elate
1010 1798 1119 1862 laudat
1140 1802 1264 1880 patrem

99 1903 168 1964 arte
196 1897 321 1981 poetica
350 1897 505 1962 celebrem
529 1896 735 1979 (104-908),
765 1897 853 1961 cuius
884 1898 1070 1962 institutioni
1100 1919 1134 1963 se
1162 1899 1265 1980 ipsum

100 2017 230 2080 quoque
254 1997 398 2062 concedit
422 1997 537 2061 debere
556 1996 711 2079 quidquid
734 1999 765 2060 in
786 1996 872 2079 poesi
894 1998 1046 2062 meruerit
1066 1996 1267 2079 (abu-anu).

101 2099 163 2162 Sed
186 2101 287 2162 semet
308 2097 411 2180 ipsum
436 2096 592 2161 consolari
614 2103 779 2179 oportere,
801 2098 953 2179 quoniam
975 2116 1039 2161 non
1059 2098 1163 2162 omnis
1185 2117 1267 2162 mor-

102 2200 174 2262 tuus
195 2199 235 2261 sit
254 2200 361 2279 pater,
388 2196 444 2278 qui
466 2216 552 2261 nunc
575 2201 717 2262 versetur
738 2199 819 2262 inter
838 2197 1107 2280 praeclarissimos
1128 2198 1267 2281 antiqui-

100 2298 175 2362 tatis
205 2296 307 2375 viros‚
340 2299 371 2360 et
401 2296 534 2377 gloriam
566 2297 593 2360 ei
623 2297 689 2362 iore
719 2298 919 2380 superstitem
950 2297 1147 2380 (mi-auu).
1199 2298 1268 2364 Hoc

101 2416 231 2462 carmen
261 2415 326 2460 non
355 2395 507 2477 scriptum
536 2400 583 2460 est
612 2401 687 2463 ante
715 2417 837 2463 annum
867 2399 908 2462 80
928 2419 959 2481 p.
982 2397 1056 2462 Chr.
1088 2418 1153 2480 quo
1181 2418 1267 2464 anno

100 2497 191 2562 Statii
214 2499 306 2578 pater
327 2499 375 2560 est
397 2496 593 2575 mortuns²l.

183 2596 354 2661 Praeterea
385 2597 468 2660 inter
487 2595 577 2660 Statii
606 2596 836 2661 consolationes
865 2600 952 2661 extat
981 2597 1198 2678 epicedion
1227 2597 1268 2660 in

99 2716 277 2780 puerum
300 2716 413 2761 suum
438 2695 517 2776 (silv.
529 2695 565 2759 V.
577 2694 620 2777 5),
643 2715 740 2779 quem
760 2700 960 2779 quantopere
978 2696 1131 2775 dilexerit,
1153 2696 1268 2760 diserte

101 2796 290 2861 illustratet
312 2796 459 2874 ostendit,
483 2800 605 2879 quanto
626 2795 735 2861 dolore
757 2816 795 2860 eo
818 2796 935 2861 amisso
959 2796 1092 2861 affectus
1114 2798 1163 2861 sit.
1206 2796 1268 2860 Sed

102 2897 278 2978 abruptum
302 2900 350 2960 est
369 2895 430 2959 hoc
453 2894 625 2978 epicedion.

184 2996 220 3059 ln
249 2995 397 3059 omuibus
426 2995 475 3058 his
505 3015 586 3077 quas
613 2995 705 3060 attuli
737 2994 826 3059 Statii
856 2994 1125 3058 consolationibus
1155 2994 1267 3056 eadem

104 3095 170 3159 lere
190 3095 374 3159 consolandi
395 3100 585 3175 argumenta
607 3095 700 3158 nobis
723 3097 912 3173 occurrunt;
933 3094 965 3157 in
986 3094 1133 3157 omnibus
1157 3113 1271 3174 nempe

102 3194 282 3258 invenimus
315 3194 552 3276 dispositionem
585 3195 669 3259 illam
705 3194 916 3275 tripartitam,
958 3213 1057 3276 quam
1098 3192 1272 3255 Menander

102 3295 266 3377 praecepit
293 3313 365 3358 cum
398 3294 547 3376 loquatur
576 3294 616 3358 de
644 3294 794 3376 epitaphii
825 3292 983 3374 capitibus
1013 3289 1065 3372 (cl.
1097 3311 1127 3372 p.
1146 3289 1270 3372 44]45);

104 3394 241 3460 eandem
274 3393 361 3475 apud
392 3392 545 3461 Senecam
577 3395 816 3459 observavimus
849 3396 881 3457 et
914 3393 946 3457 in
980 3391 1195 3455 consolatione
1228 3391 1270 3455 ad

102 3493 235 3558 Liviam.
278 3493 372 3557 Vides
401 3494 510 3576 itaque
526 3498 690 3576 quantum
719 3494 752 3557 in
773 3493 822 3557 his
843 3493 942 3575 poetis
964 3491 1098 3555 valuerit
1128 3509 1179 3554 ars
1201 3491 1272 3554 rhe-

104 3594 207 3658 torica
231 3595 457 3674 prosaicorum.
500 3594 567 3659 Has
588 3598 697 3660 autem
718 3597 781 3657 tres
801 3595 908 3675 partes
930 3591 1076 3672 intellego
1096 3609 1176 3672 quas
1198 3590 1273 3653 dicit

103 3692 297 3758 Menander:
315 3694 541 3776 expositionem
552 3697 584 3759 et
595 3693 810 3758 laudationem
822 3688 978 3774 (ἔπαινος)
989 3690 1271 3772 complorationem

175 3879 200 3944 1)
222 3876 256 3930 cf.
280 3876 367 3947 praef.
389 3877 424 3932 ad
447 3876 465 3931 1.
488 3877 521 3932 V.
547 3895 617 3946 quae
643 3878 679 3932 ad
703 3877 776 3931 hano
800 3875 888 3931 solam
910 3874 1032 3944 pertinet
1055 3870 1273 3926 consolationem

107 3963 252 4033 nequead
271 3965 362 4018 cetera
381 3963 501 4018 eiusdem
520 3963 585 4017 libri
603 3964 731 4027 carmina,
750 3965 847 4033 postea
863 3960 969 4016 addita.

177 4066 205 4135 2)
223 4064 335 4121 Teuffel.
357 4065 420 4120 hist.
439 4067 493 4120 litt.
515 4083 582 4124 rom.
601 4068 617 4135 fi
634 4067 694 4122 318.
712 4068 743 4138 33
763 4070 792 4121 et
810 4067 869 4121 321.
888 4067 913 4121 3.
