2946 4734
631 359 835 426 -33-

150 545 283 607 trieibus
305 561 377 605 cum
395 540 559 605 Plautinis.
603 542 638 604 ln
654 540 831 605 Cistellaria
854 541 938 603 enim
962 541 1077 604 suadet
1097 540 1169 603 lena
1192 539 1317 620 puellae

149 665 226 709 vero
248 663 357 706 amore
378 645 493 723 captae
515 663 544 704 v.
566 643 606 706 96
617 662 664 722 sq.

296 741 460 795 adsimulare
478 757 571 794 amare
591 743 708 810 oportet.
743 757 807 792 nam
827 740 848 792 si
866 756 947 803 ames,
967 739 1122 808 extempulo

294 827 389 882 melius
408 827 449 879 illi
467 827 562 888 multo,
582 843 663 894 quem
682 843 766 892 ames,
785 827 909 880 consulas
927 843 1011 894 quam
1029 825 1069 878 rei
1088 829 1161 879 tuae.

150 917 310 980 Corinnae
332 920 440 978 autern
464 932 483 978 a
507 915 578 978 lena
601 914 797 995 praecipitur
819 934 919 977 amor.
944 913 955 974 l
976 915 1005 989 8,
1019 915 1055 976 71
1070 933 1116 994 sq.

344 1031 392 1067 nec
410 1013 504 1067 nocuit
521 1013 664 1074 simulatus
682 1031 773 1073 amor,
798 1013 856 1066 sine
875 1013 968 1067 credat
986 1012 1074 1067 amari

414 1104 443 1153 et
459 1116 539 1155 cave.
566 1116 600 1152 ne
620 1098 707 1167 gratis
726 1099 770 1152 hic
787 1099 840 1153 tibi
858 1102 966 1154 constet
984 1101 1074 1152 amor!

234 1203 376 1285 Denique
401 1205 642 1267 usitatissimum
674 1209 852 1268 scortorum
876 1204 1046 1268 artificium
1068 1208 1124 1279 est,
1156 1208 1191 1266 ut
1212 1201 1318 1267 exclu-
1391 1262 1393 1264 ,

151 1303 256 1366 dendo
287 1308 318 1366 et
346 1306 581 1368 contemnendo
609 1306 858 1369 aemulationem
892 1311 989 1386 atque
1021 1306 1103 1368 iram
1135 1308 1316 1367 auratorum

150 1405 319 1478 concitent,
352 1407 430 1468 cum'
456 1405 516 1468 hoc
546 1406 642 1469 modo
673 1407 794 1469 maiora
825 1426 958 1468 munera
987 1406 1055 1468 elici
1088 1404 1220 1486 possint.
1271 1404 1318 1466 lta

151 1504 285 1584 legimus
306 1505 337 1568 in
360 1500 499 1568 Terentii
523 1505 697 1569 Heautont.
719 1508 780 1570 366
791 1527 839 1587 sq.

532 1627 534 1633 ,
608 1604 676 1658 haec
693 1608 753 1658 arte
772 1605 912 1658 tractabat
930 1604 1028 1667 virum,

344 1693 375 1743 ut
393 1690 467 1743 illius
483 1692 605 1744 animum
624 1691 752 1761 cupidum
772 1692 866 1760 inopia
885 1692 1050 1746 incenderet.
1080 1726 1082 1729 -
1129 1743 1131 1749 .

152 1789 361 1856 Phronesium
396 1815 472 1858 vero
505 1797 534 1858 in
567 1796 673 1859 Plauti
704 1797 899 1860 Truculento
933 1801 997 1859 tres
1030 1796 1124 1860 simul
1157 1797 1333 1858 amatores

151 1893 365 1957 aemulatione
395 1897 544 1977 impellit,
574 1903 610 1960 ut
639 1897 784 1959 certatim
817 1918 883 1960 rem
915 1915 1008 1960 suam
1031 1897 1170 1978 perdant
1192 1898 1223 1958 et
1245 1914 1319 1975 pro-

151 1993 296 2057 fundant.
340 1996 422 2058 Tum
453 1997 485 2060 id
515 1999 617 2079 ipsum
642 1998 812 2060 artificium
842 1998 1048 2061 commendat
1070 1997 1111 2059 ad
1135 1996 1319 2076 spoliandos

151 2098 314 2157 amatores
325 2096 428 2176 perita
440 2098 590 2161 meretrix
602 2098 714 2160 iuniori
729 2099 760 2160 in
772 2099 902 2160 Luciam
917 2097 990 2161 dial.
1005 2117 1082 2159 mer.
1098 2097 1181 2159 Vlll.
1213 2096 1317 2158 Etiam

150 2193 354 2274 Alciphronis
376 2196 531 2277 epistulae
553 2198 616 2260 huc
639 2199 754 2261 arcessi
776 2204 919 2278 possunt,
943 2218 981 2260 ex
999 2198 1116 2278 quibus
1132 2196 1315 2259 adscribam

150 2294 175 2355 ll
200 2295 258 2369 1,6
285 2302 366 2373 μέγα
395 2300 459 2355 τῶν
482 2295 681 2376 ἑταιρουσῶν
711 2299 781 2359 ἐσιι
804 2299 955 2378 σόᾳισμα
984 2299 1037 2358 αἰὶ
1069 2299 1106 2358 τό
1130 2297 1239 2374 παρόν
1262 2299 1320 2376 τῆς

150 2393 365 2467 dentatam
395 2396 655 2476 dneorn‘laus'rag
684 2402 756 2469 ταῖς
785 2399 894 2460 ἐλπίσι
925 2399 1113 2476 διακρατεῖν
1142 2397 1217 2468 τούς
1249 2397 1319 2474 ἐρα-

151 2492 232 2566 στοῖς
253 2516 318 2575 eqS.
414 2494 467 2557 ἵνα
482 2497 607 2574 μᾶλλον
628 2498 836 2571 ἐξαπιωνιαι
859 2503 925 2569 τοῖς
948 2496 1170 2582 διαστήμασιν
1192 2496 1318 2558 ἁπλού-

151 2616 262 2672 orroei
292 2596 400 2658 αὐτῶν
422 2596 456 2657 αἱ
488 2603 607 2679 ψυχαί,
638 2603 867 2678 φοβουμένων,
899 2601 943 2680 μή
967 2596 1046 2661 ἄλλο
1071 2600 1170 2660 πάλιν
1192 2607 1320 2678 γένηται

150 2699 204 2778 τῆς
222 2698 256 2756 ἐν
273 2700 318 2775 τῷ
332 2694 473 2775 παρόντι
491 2694 589 2777 τύχης
604 2695 746 2777 κώλυμα.
779 2701 872 2763 Adde
884 2701 1026 2781 Aloiphr.
1040 2703 1051 2763 l
1066 2702 1114 2776 37,
1128 2703 1160 2773 3;
1182 2699 1218 2761 lll
1228 2702 1277 2775 50,
1293 2701 1317 2762 l.

150 2798 230 2860 Ecce
266 2817 369 2879 neque
408 2798 575 2879 Propertio
618 2819 721 2880 neque
753 2800 868 2864 Ovidio
909 2801 1053 2880 ignotum
1093 2801 1218 2862 videtur
1257 2800 1318 2862 hac

151 2903 219 2960 arte
249 2918 393 2961 amorem
423 2900 532 2979 augeri
561 2904 592 2962 et
621 2900 771 2980 produci,
806 2921 877 2963 cum
909 2903 968 2983 ipsi
1006 2902 1174 2966 iuvenibus
1204 2901 1319 2965 similia

150 3000 320 3062 suadeant:

183 3100 262 3167 Prop.
283 3098 308 3150 II
330 3098 462 3165 14,19sq.

344 3185 396 3237 hoc
414 3183 484 3236 sensi
503 3183 628 3251 prodesse
648 3181 747 3250 magis!
774 3182 949 3240 contemnite,
970 3184 1108 3236 amantes:

412 3269 450 3323 sic
467 3269 547 3322 hodie
568 3269 669 3333 reniet,
696 3269 718 3321 si
737 3287 791 3336 qua
810 3269 924 3337 negavit
942 3268 1010 3320 heri.

183 3356 261 3410 Ovid.
284 3360 334 3410 art.
354 3358 377 3409 ll
395 3357 447 3408 435
459 3374 497 3423 sq.

343 3446 415 3507 sunt,
436 3441 534 3511 quibus
552 3441 660 3509 ingrate
680 3439 779 3492 timida
798 3439 973 3504 indulgentia
990 3438 1075 3491 servit

413 3533 448 3590 et,
468 3528 490 3580 ei
509 3527 586 3580 nulla
604 3526 696 3579 subest
714 3525 832 3590 aemula,
853 3524 966 3591 languet
987 3542 1062 3576 amor
1081 3541 1134 3590 eqs.

148 3631 258 3713 Neque
300 3652 375 3695 vero
414 3633 445 3694 in
482 3632 695 3711 elegiacarum
737 3631 882 3693 lenarum
923 3629 1203 3692 adhortationibus
1240 3626 1316 3689 talia

150 3732 280 3796 desunt:

183 3839 261 3907 Prop.
284 3838 320 3890 lV
339 3842 363 3902 5,
374 3840 407 3891 29
417 3857 476 3906 sqq,

343 3928 370 3978 et
389 3925 518 3977 simulare
539 3941 644 3977 moram
664 3921 782 3991 pretium
803 3922 884 3974 facit:
903 3925 979 3974 utere
997 3919 1097 3972 causis:

414 4010 501 4063 maior
518 4010 605 4062 dilata
621 4013 701 4061 nocte
720 4012 839 4060 recurret
858 4024 942 4060 amor.

342 4096 365 4149 si
385 4095 438 4149 tibi
456 4096 528 4149 forte
546 4113 636 4149 comas
656 4094 795 4148 vexaverit
813 4093 889 4145 utilis
908 4093 964 4150 ira,

410 4185 472 4250 post
490 4181 570 4235 modo
589 4184 709 4233 mercata
728 4196 795 4248 pace
814 4177 976 4247 premendus
994 4175 1055 4229 erit.
1092 4168 1094 4172 ⁸
