2946 4734
560 243 778 304 *29-

85 413 139 465 lV:
168 413 326 476 Menander,
346 413 478 476 Philemo,
508 413 647 482 Diphilus,
666 413 849 483 Philippides:
886 411 942 465 tab.
962 412 985 465 O
1003 411 1062 464 cod.
1083 412 1113 463 B.
1134 445 1165 451 —

84 521 140 573 IV:
251 562 265 585 ,‚
384 562 398 585 „
583 563 597 587 ‚,
762 563 776 585 ,‚
889 519 1085 589 Apollodorus:
1124 519 1179 572 tab.
1211 518 1254 581 M;

970 609 1026 662 tab.
1046 609 1068 662 O
1087 608 1145 664 eod.
1166 609 1200 661 V.
1223 638 1252 646 —

85 717 140 769 Vl:
251 758 265 781 „
384 759 398 782 „
508 719 645 788 Diphilus,
665 718 845 787 Philippides,
865 716 1056 786 Apollodorus,
1076 715 1254 785 Posidippus:

510 809 599 864 Anon.
624 829 653 863 n.
673 829 696 860 κ.
721 807 762 861 ed.
792 806 920 860 Duebner
938 806 956 858 l.
976 806 993 857 l.
1013 807 1066 858 (ΠΙ)
1085 824 1111 875 p.
1131 805 1196 858 XV.
1222 837 1254 843 —

192 954 290 1030 Quod
314 954 393 1019 dein
417 955 541 1018 attinet
565 955 607 1032 ad
644 956 736 1019 illam
772 955 930 1039 antiquae
960 952 1151 1016 comoediae
1176 975 1254 1037 poe-

84 1079 195 1132 tarum
231 1070 496 1153 distinctionem,
533 1072 628 1135 cuius
662 1072 810 1154 vestigia
845 1070 934 1155 apud
970 1068 1110 1133 Suidam
1146 1069 1168 1131 i.
1198 1092 1253 1133 vv.

84 1173 316 1270 Ἀριστομένης
340 1193 374 1250 et
400 1178 558 1270 Φρύνιχος
581 1193 778 1252 conservata
801 1210 820 1250 a
844 1186 927 1250 viris
963 1185 1070 1249 doctis
1095 1184 1254 1249 diversis·

85 1300 172 1364 simo
196 1302 295 1366 modo
320 1304 497 1388 explanata
521 1298 637 1385 sunt¹),
673 1301 830 1387 equidem
854 1301 1071 1366 AMeinekeo
1100 1302 1255 1380 (neeri

85 1419 162 1495 211)
186 1418 285 1501 plane
309 1420 484 1500 assentior,
521 1420 581 1503 qui
605 1427 737 1482 veteres
774 1417 908 1482 criticos
942 1425 1059 1502 poetas
1095 1417 1255 1501 antiquae

85 1532 276 1597 comoediae
301 1535 471 1599 interdum
496 1535 532 1600 in
549 1536 631 1599 duas
655 1536 752 1619 quasi
776 1535 899 1598 classes
920 1533 1144 1617 dispescuisse
1168 1533 1255 1597 exis-

84 1649 229 1731 timavit,
253 1649 289 1713 in
311 1650 528 1734 antiquiores,
553 1652 611 1736 qui
635 1659 712 1714 ante
726 1650 851 1714 bellum
863 1649 1187 1734 Peloponnesiacum
1204 1649 1255 1713 in-

85 1765 295 1848 claruissent‚
321 1767 550 1850 etsequiores‚
576 1767 634 1850 qui
657 1765 741 1850 ipsis
765 1765 846 1830 belli
863 1765 1069 1850 temporibus
1085 1763 1253 1828 florerent.

86 1881 134 1943 At
158 1881 289 1947 Steffen
313 1884 357 1967 (p.
374 1885 417 1947 43
441 1883 519 1947 adn.
537 1884 591 1960 28)
615 1883 651 1945 in
676 1881 738 1946 hoc
763 1880 862 1945 valde
898 1880 1083 1945 admiratus
1112 1879 1255 1944 offendit

85 2003 186 2080 atque
209 1989 286 2070 τούς
302 1992 532 2081 &medenatense
548 1998 660 2082 potius
672 1998 856 2061 ,inferiores
872 2003 982 2061 aetate
1005 1996 1255 2079 intellegendos

86 2134 158 2176 esse
172 2114 314 2177 censuit.
361 2114 426 2178 Sed
452 2136 495 2177 m.
513 2137 566 2198 qu.
581 2120 665 2178 sent
683 2135 750 2177 non
769 2114 840 2177 iure
858 2112 1043 2194 demerito,
1067 2134 1144 2176 cum
1160 2135 1255 2197 prae-

85 2228 200 2291 sertim
226 2229 478 2294 distinctionem
503 2230 607 2312 illam,
631 2229 668 2292 in
693 2251 749 2293 eos
774 2228 831 2313 qui
860 2236 938 2292 ante
960 2237 994 2291 et
1016 2250 1071 2292 eos
1096 2228 1154 2312 qui
1178 2235 1256 2313 post

85 2344 167 2408 loelli
183 2345 460 2430 Peloponnesiaci
478 2352 629 2430 tempora
642 2345 802 2426 vixerint,
828 2344 863 2407 in
881 2351 1051 2408 oratorum
1068 2344 1254 2408 delentibus

85 2461 302 2545 reperiamus.
354 2463 400 2526 Et
418 2462 534 2525 eedem
558 2461 741 2546 partitione
758 2460 944 2545 Dionysius
961 2461 1037 2524 Hal.
1064 2483 1195 2545 quoque
1219 2461 1255 2523 in

85 2576 257 2640 historicis
281 2577 501 2662 scriptoribus
517 2571 760 2655 recensendis2)
784 2597 864 2640 usus
888 2583 947 2640 est.
994 2577 1150 2660 Denique
1174 2599 1255 2640 num

87 2692 188 2774 apud
224 2694 419 2758 Romanos
454 2701 630 2778 poetarum
671 2692 872 2757 comicorum
916 2714 1033 2756 norma
1073 2698 1163 2756 certa
1203 2693 1255 2755 in-

86 2808 257 2892 veniatur,
293 2809 504 2893 inquirentes
540 2832 659 2874 census
695 2808 837 2873 alicuius
861 2829 904 2870 ne
939 2807 1114 2871 minimam
1138 2830 1255 2872 ansam

86 2924 134 2986 ita
158 2925 309 3009 accipere
332 2947 518 3009 possumus,
543 2933 581 2989 ut
597 2925 746 2990 Volcaoii
771 2917 945 3006 Sedigitill
970 2945 1131 2988 canonem
1148 2924 1254 3006 illurn,

87 3040 145 3124 qui
169 3041 286 3104 decem
321 3041 512 3105 fabularum
548 3041 762 3126 palliatarum
800 3039 981 3123 scriptores
1017 3039 1101 3102 mira
1124 3039 1255 3103 ratione

87 3162 188 3239 atque
219 3156 261 3220 ad
297 3156 386 3221 hunc
422 3156 511 3220 diem
548 3157 698 3220 nondum
732 3157 814 3221 satis
850 3155 1017 3240 explicata
1052 3155 1256 3239 compositos

87 3272 249 3354 continet,
268 3273 404 3337 silentio
420 3273 741 3357 praetermittamus,
781 3273 868 3341 Nam
885 3272 1097 3355 grammatici
1115 3272 1256 3336 alicuius

86 3387 253 3451 ludicrum
296 3395 330 3451 et
365 3388 438 3452 sine
473 3389 542 3452 ulla
576 3388 777 3452 auctoritate
816 3389 919 3451 istum
958 3388 1062 3451 fuisse
1098 3387 1255 3471 equidem

86 3526 283 3587 persuasum
318 3526 426 3588 paene
461 3503 578 3568 habeo.
637 3505 812 3569 Postremo
848 3510 1147 3567 commemoratum
1182 3526 1255 3567 esse

89 3620 175 3702 volo,
200 3620 553 3704 cinaedologorum
576 3628 761 3704 poetarum,
795 3619 853 3703 qui
877 3626 1076 3702 argumento
1101 3620 1255 3703 quamvis

87 3736 123 3798 in
148 3735 346 3799 deteriorem
373 3745 504 3821 partem
521 3736 697 3799 aberrante
723 3758 796 3799 cum
815 3736 923 3819 poetis
941 3735 1076 3798 comicis
1093 3734 1256 3816 coniungi

86 3851 226 3934 possint,
264 3852 452 3936 complures
488 3851 659 3936 catalogos
688 3851 812 3936 partim
848 3852 937 3914 inter
972 3873 1007 3914 se
1032 3857 1255 3934 congruentes

197 4169 221 4238 1)
240 4168 274 4223 ei.
295 4168 372 4221 Sum.
392 4169 432 4226 ed.
452 4168 552 4221 Bernh.
573 4187 634 4238 app.
654 4169 712 4223 erit.
732 4169 749 4223 i.
767 4185 791 4220 v.
808 4162 1004 4239 Ἀριστομένης.
1028 4198 1053 4204 -
1077 4165 1104 4234 ‘ll
1124 4165 1157 4218 de
1170 4165 1254 4219 Thne.

88 4257 142 4309 ind.
162 4277 184 4309 e.
205 4260 220 4307 s>
240 4276 265 4326 p.
285 4258 345 4310 818.
360 4259 411 4311 819
425 4259 458 4314 R.
481 4290 509 4296 —
532 4261 558 4324 3]
578 4259 625 4312 etr.
645 4257 751 4309 Teuffel
771 4257 880 4310 GdRL5
898 4260 912 4324 ξ
933 4256 1029 4319 1432.
