2946 4734
722 192 762 263 33

160 387 228 449 nita
249 385 343 449 tuisse
364 404 502 466 eumque
523 385 573 448 vel
595 405 632 448 ex
655 383 712 448 illis
732 385 782 449 vel
805 404 843 448 ex
866 385 940 466 ipsis
969 387 1067 452 sacris
1086 386 1238 454 Eleusinis
1262 383 1322 450 im·

159 487 359 551 mortalitatis
380 505 467 566 spem
494 486 633 548 hausisse
655 490 742 566 pulo.
774 485 903 549 Pindari
919 492 1026 552 autem
1044 489 1098 570 pia
1116 491 1224 572 religio
1238 496 1273 556 ut
1289 492 1320 554 in

157 589 268 651 ceteris
290 586 438 669 operibus
449 585 495 648 ita
507 585 539 647 in
557 585 675 647 threnis
692 605 821 667 quoque
832 607 1034 669 summopere
1049 594 1097 653 est
1110 591 1322 655 admiratione

157 689 263 770 digna.
287 687 487 752 Threnorum
502 686 632 749 Pindari
645 685 800 749 habemus
812 687 966 751 nonnulla
980 688 1168 769 fragmenta.
1203 690 1237 754 ln
1256 710 1321 755 uno

157 789 287 871 quidem
312 807 431 856 eorum.
456 788 511 867 hg.
531 787 597 854 116.
618 786 758 867 loquitur
775 806 849 850 oum
871 787 911 850 de
933 789 1045 853 ceteris
1066 790 1245 854 carminum
1268 811 1319 871 ge-

156 889 295 960 neribus,
317 892 384 951 turn
408 888 447 948 de
469 887 609 949 carmine
632 886 758 967 lugubri
779 888 864 968 quod
883 888 1061 969 appellatur
1076 887 1207 970 ἰάλεμος
1229 889 1270 974 (v.
1278 889 1319 973 7).

156 989 235 1052 Aliis
254 987 369 1052 deinde
388 987 508 1049 threnis
530 985 650 1066 optime
670 985 828 1049 Pindarus
857 988 1038 1052 consolatus
1066 994 1114 1054 est
1138 995 1320 1074 superstites

155 1087 342 1170 gravissimo
364 1086 415 1149 illo
436 1085 680 1148 immortalitatis
702 1089 901 1167 argumento.
943 1086 991 1151 lta
1012 1087 1070 1170 frg.
1094 1090 1167 1154 108:

218 1204 315 1287 όλβίμ
344 1204 373 1266 δ’
394 1200 540 1274 ἅπαντες
569 1201 651 1284 αἴσᾳ
684 1201 862 1265 λυσίπονον
884 1207 1139 1284 μετανίσσονται
1165 1206 1320 1271 τελευτάν

217 1303 271 1364 καὶ
294 1306 389 1383 σῶμα
410 1307 470 1382 μὲν
493 1302 627 1363 παντων
648 1301 764 1364 ἕπεται
784 1302 926 1383 θανάτῳ
948 1309 1150 1385 περισθενεῖ,

217 1402 299 1479 ζωόν
319 1402 347 1464 δ’
366 1403 412 1464 ἔτι
431 1401 579 1464 λείπεται
600 1398 714 1474 αιόἷνος
737 1401 880 1465 εἴδωλον.
902 1403 941 1464 τδ
962 1402 1022 1484 χοίρ
1043 1405 1112 1467 ἐστι
1135 1404 1238 1486 μόνον

218 1504 253 1564 ἐκ
273 1506 372 1564 θεῶν·
395 1499 482 1565 εὕδει
497 1502 535 1564 δὲ
553 1500 772 1583 πρασσόντων
788 1502 921 1582 μελέων,
940 1503 1027 1585 α’τολρ
1049 1502 1262 1570 εὑδόντεσσιν
1284 1508 1320 1570 ἐν

778 1601 910 1676 πολλοῖς
926 1602 1062 1684 ὀνείροις

156 1706 185 1768 5.
219 1704 363 1766 δείκνυσι
383 1703 533 1782 τερπνῶν
554 1702 756 1785 ἐφέρποισαν
776 1702 933 1782 χαλεπῶν
948 1725 985 1764 τε
1004 1708 1118 1785 κρίσιν.

156 1821 201 1884 Ex
223 1821 285 1885 alio
305 1839 432 1902 quoque
454 1819 583 1882 Pindari
605 1820 784 1900 fragmento
808 1818 893 1901 (110)
916 1826 1051 1902 apparet
1073 1822 1319 1886 immortalitatis

154 1940 237 2002 spes
266 1939 330 2002 quo
360 1919 436 1982 dicit
467 1921 668 1983 mortuorum
695 1919 820 1983 animas
850 1919 1082 2000 aProserpina
1104 1924 1254 2001 purgatas
1286 1923 1319 1984 in

156 2020 259 2083 lucem
282 2019 415 2082 remitti:

217 2109 284 2180 οἷσι
306 2118 343 2179 δὲ
366 2118 560 2198 Φερσεφόυα
582 2118 702 2179 ποινοῖν
724 2118 867 2181 παλαιοῦ
885 2122 1027 2191 πένθεος

215 2218 354 2295 δέξεται,
377 2217 408 2289 ἐς
428 2217 487 2278 τδν
509 2213 659 2295 ὕπερθεν
680 2214 772 2280 δίλιου
793 2221 907 2279 κείνων
929 2215 1034 2297 έιυίτφ
1056 2219 1124 2280 ἔτεῖ

214 2316 344 2378 αὐδίδοι
364 2317 474 2404 ψυχας
494 2313 604 2392 πόλιν,

217 2418 251 2479 ἐκ
266 2420 327 2478 τοῖν
343 2415 494 2498 βασιλῆες
510 2415 625 2494 α’χαυοῖ
643 2415 698 2476 καῖ
713 2417 827 2478 σθένει
840 2414 990 2494 κραιπνοὶ
1007 2420 1109 2499 σοφίᾳ
1124 2439 1160 2477 τε
1175 2424 1318 2497 μέγιστοι

152 2523 182 2582 5.
215 2515 332 2597 ἄνδρες
353 2514 534 2590 αόξόνονδ·
557 2515 589 2586 ἐς
604 2513 642 2575 δὲ
656 2513 714 2575 τδν
734 2512 849 2576 λοιπόν
870 2511 986 2596 χρόνον
1007 2511 1106 2597 ἥρωες
1127 2513 1217 2595 ολχνοὶ
1236 2518 1318 2599 πρός

778 2610 969 2693 ἀνθρώπων
989 2613 1161 2676 καλεῦνται

153 2714 291 2777 Venuste
317 2712 430 2775 deinde
453 2711 602 2774 describit
625 2712 740 2790 gaudia
769 2711 822 2775 illa
852 2715 951 2793 atque
975 2713 1170 2793 voluptates,
1201 2715 1317 2796 quibus

152 2816 351 2877 mortuorum
375 2813 502 2875 animae
529 2810 725 2874 delectentur
752 2811 784 2874 in
814 2810 981 2874 beatorum
1011 2812 1138 2875 sedibus
1160 2814 1216 2893 hg.
1241 2815 1315 2878 106:

212 2915 298 2973 coici
317 2910 442 2990 λοίμπει
463 2913 525 2988 μὲν
546 2916 639 2988 μένος
662 2908 772 2972 αἐλίου
790 2909 853 2970 τοῖν
873 2907 1000 2971 ἐνθάδε
1021 2908 1121 2971 νύκτα
1141 2909 1240 2991 κοίτοιο,

213 3007 445 3092 φοινικορόδοις
467 3008 495 3068 δ’
518 3009 570 3071 ἐνί
588 3006 782 3086 λειμώνεσσι
803 3007 986 3090 προοίστιον
1008 3008 1117 3072 αὐτοῖν

214 3108 268 3171 καῖ
289 3106 411 3189 λιβόνῳ
434 3109 568 3186 σκιαρδν
588 3107 642 3168 καῖ
663 3116 809 3188 χρυσέοις
828 3111 964 3188 καρποῖς
984 3105 1149 3190 βεβριθός.
1241 3092 1244 3103 ⁴

215 3210 270 3271 καὶ
290 3209 340 3269 τοὶ
362 3210 423 3287 μέν
446 3204 560 3279 ἵπποις
576 3212 764 3287 γυμνασίοις
781 3229 826 3284 τε,
847 3206 897 3268 τοῖ
918 3206 955 3268 δὲ
977 3211 1124 3284 πεσσοῖς,

154 3308 185 3371 5.
217 3307 267 3369 τοὶ
297 3307 334 3369 δὲ
364 3310 575 3388 φυρμίχχεσσι
610 3314 802 3387 τέρπονται,
841 3305 935 3385 παροδ
965 3306 1005 3367 δέ
1015 3383 1019 3399 ι
1032 3323 1145 3386 σφισιν
1173 3303 1316 3385 εόανδιζς

796 3400 887 3477 ἅπας
909 3404 1050 3467 τέθαλεν
1072 3399 1175 3485 όλβυς.

212 3501 302 3582 δδμοῖ
325 3503 354 3564 δ’
375 3505 493 3586 ἐρατόν
513 3505 596 3567 κατολ
617 3507 722 3585 χοῖρον
741 3505 890 3567 κίδναται

211 3603 264 3665 αἐῖ
279 3601 351 3664 θύα
364 3603 545 3683 μιγνύντων
556 3604 635 3685 περὶ
650 3604 828 3688 τηλεφανεῖ
841 3607 984 3666 παντοῖα
1000 3606 1092 3665 θεοῖν
1108 3603 1164 3665 ἐπὶ
1185 3604 1313 3682 βωμοῖς.

147 3701 237 3766 cuius
271 3702 426 3767 felicitatis
460 3705 575 3784 probos
603 3708 729 3768 tantum
760 3704 827 3768 fieri
856 3703 1043 3784 participes,
1076 3722 1149 3766 cum
1179 3701 1311 3782 improbi

149 3800 258 3863 multis
281 3807 466 3882 premantur
487 3803 732 3881 calamitatibus
757 3803 837 3878 dicit,
861 3803 918 3882 trg.
938 3803 996 3866 109
1007 3800 1046 3883 1);

218 3931 244 4000 1)
263 3932 342 3998 Quod
359 3933 413 4002 trg.
432 3933 554 4002 spurium
569 3950 626 3988 esse
642 3935 745 4002 putant
753 3934 844 3989 christ
854 3933 883 3987 in
893 3933 1015 3987 editione
1026 3933 1101 3987 Pind.
1115 3935 1143 3985 et
1154 3931 1182 3986 L.
1191 3929 1314 3984 Schmidt

150 4016 179 4069 in
201 4017 300 4072 ›Etbilr
319 4018 368 4072 der
386 4018 535 4073 Grieehen«
556 4019 578 4073 1.
596 4038 622 4088 p.
640 4018 688 4072 381
709 4020 802 4074 adnot.
821 4019 862 4073 36.

1194 4123 1210 4177 Β
