2946 4734
795 238 835 304 38

233 421 316 485 belli.
369 420 472 483 Etiam
513 419 710 499 singulorum
749 416 895 498 exempla
936 416 1151 494 inducuntur,
1193 419 1274 482 sicut
1312 419 1401 500 apud

234 521 428 600 Aeschylum
465 520 582 584 chorus
612 516 838 581 Prometheum
871 516 1053 580 consolatur
1090 518 1235 600 exemplo
1266 519 1408 584 Atlantis

236 619 353 701 (Prom.
375 616 562 699 tao-435),
586 623 616 681 et
630 615 773 680 Eteocles
787 615 898 678 incitat
915 614 1038 697 plebem
1054 614 1273 697 perturbatam
1296 638 1404 683 exem-

235 721 323 802 plum
347 719 516 783 ostendens
546 720 719 781 nautarum
748 717 937 795 tempestate
968 735 1192 796 oppressorum
1221 716 1319 800 (Sept.
1342 720 1405 782 208

235 816 328 900 sqq),
357 820 388 880 et
410 817 498 898 apud
519 815 710 896 Sophoclem
733 815 849 879 chorus
870 813 1038 878 Deianirae
1064 818 1246 899 exemplum
1268 820 1403 886 demon-

235 921 316 981 strat
342 915 472 980 Saturni
509 915 637 997 (Trach.
663 918 719 978 195
743 912 805 996 sq.)
845 915 877 977 et
904 916 990 995 apud
1023 915 1129 996 Eurip.
1151 917 1218 981 Alc.
1246 921 1306 982 tto
1334 943 1406 1008 sqq.

237 1020 352 1083 chorus
374 1017 548 1080 Admetum
568 1015 758 1093 consolatur,
790 1033 864 1078 cum
885 1016 917 1077 et
939 1034 1003 1078 non
1023 1016 1108 1079 solus
1132 1017 1272 1082 amiserit
1291 1022 1406 1086 mulie-

237 1138 314 1193 rem,
336 1117 546 1198 omnibusque
567 1135 651 1179 mors
673 1115 848 1179 inmineat.
892 1116 999 1196 Atque
1019 1117 1100 1179 adeo
1124 1116 1159 1178 lll
1178 1123 1406 1199 argumentum

238 1217 440 1298 agnoscimus
456 1217 542 1296 apud
555 1219 667 1297 poetas
683 1214 835 1296 tragicos,
859 1213 913 1295 qui
931 1215 1129 1280 calamitates
1144 1218 1310 1282 hominmn
1328 1240 1417 1286 con-.

237 1316 382 1399 templati
405 1335 443 1379 eo
473 1317 696 1396 pervenerunt,
726 1320 761 1378 ut
783 1313 880 1377 vitam
904 1317 952 1377 tot
973 1315 1064 1379 malis
1093 1336 1224 1397 gravem
1250 1338 1315 1383 non
1345 1340 1406 1402 pu·

237 1420 344 1482 tarent
370 1435 531 1479 summum
560 1415 690 1477 bonum.
741 1413 834 1490 Quod
864 1416 950 1495 apud
979 1415 1173 1498 Aeschylum
1208 1417 1305 1499 (Pers
1329 1420 1405 1504 ῖοθ)

238 1517 325 1581 Darii
346 1517 463 1580 umbra
484 1514 611 1596 profert
634 1519 669 1577 ut
692 1513 874 1577 consoletur
896 1514 1061 1592 Atossam,
1084 1518 1143 1579 705
1156 1537 1234 1599 sqq:

301 1631 495 1713 κλαυμάτων
517 1629 644 1716 λήξασα
667 1630 770 1692 τοῖνδε
790 1633 848 1691 καῖ
865 1627 949 1709 γόων
971 1641 1073 1714 σαφές
1093 1638 1129 1695 τί
1142 1657 1197 1715 μοι

301 1734 402 1808 λε’ξον.
423 1731 619 1813 α’νθράπεια
640 1729 668 1791 δ’
693 1725 736 1791 ἄν
756 1752 806 1792 τοι
827 1731 952 1815 πήματ’
972 1728 996 1793 ά
1003 1754 1018 1792 ν
1036 1732 1125 1812 τύχοι
1146 1737 1282 1814 βροτοῖς,

303 1832 408 1894 πολλά
431 1836 492 1912 μὲν
513 1831 574 1912 γάρ
596 1831 630 1892 ἐκ
652 1828 837 1910 θαλάσσης,
859 1828 967 1892 πολλοὶ
989 1830 1018 1891 ‹l'
1039 1831 1074 1892 ἐκ
1094 1839 1212 1912 χέρσον
1233 1833 1317 1895 κακά

300 1937 440 2012 γίγνεται
459 1933 602 2010 θνητοῖς,
625 1927 643 1991 ὁ
664 1927 806 2009 μάσσων
826 1932 935 2009 βίοτος
954 1924 996 2015 ἢν
1016 1932 1107 2013 ταθῇ
1128 1930 1252 2011 πρόσω.

239 2049 411 2129 Sophocles
442 2067 570 2128 quoque
592 2048 734 2128 queritur
755 2045 839 2110 vitae
868 2046 1031 2112 humanae
1052 2048 1302 2114 imbecillitatem
1323 2049 1403 2116 Oed.

239 2147 304 2212 Col.
324 2148 382 2212 607
406 2168 474 2229 sqq.
497 2150 529 2210 et
549 2146 664 2209 Trach.
690 2147 861 2209 raa-140.

321 2267 392 2347 lpsa
410 2285 505 2342 mom,
521 2264 598 2345 quia
614 2263 701 2327 mala
715 2264 825 2340 solvat,
847 2264 997 2329 laudatur
1012 2267 1054 2328 ab
1067 2265 1234 2348 Aeschylo,
1252 2264 1311 2347 lrg.
1329 2267 1404 2333 105:

299 2373 325 2443 οῖ
348 2383 475 2444 θάνατε
492 2381 606 2460 παιάν,
627 2381 674 2464 μή
695 2382 728 2462 μ’
749 2380 913 2465 άτιμάσῃς
933 2382 1054 2462 μολεῖν·

299 2481 396 2561 μόνος
417 2482 477 2562 γάρ
500 2471 532 2541 εἶ
549 2480 590 2542 σά
610 2483 675 2542 τῶν
697 2479 884 2562 ἀνηκέστων
902 2484 1009 2543 κακῶν

302 2579 420 2660 ἰατρός,
438 2576 532 2660 άλγος
550 2580 579 2641 δ’
599 2580 696 2642 οὐδὲν
717 2577 859 2643 ἅπτεται
882 2591 1002 2662 νέκρον.

239 2681 344 2744 Proin.
367 2682 441 2743 750:
472 2685 623 2759 κρεῖσσον
644 2680 704 2761 γάρ
721 2679 865 2756 εἰσάπαξ
885 2685 1006 2744 θανεῖν

301 2776 319 2863 ἢ
337 2779 396 2852 τάς
414 2777 552 2852 άπάσας
574 2779 691 2866 ἡμέρας
713 2779 855 2861 πάσχειν
876 2784 987 2855 κακῶς.

240 2881 337 2962 Soph.
361 2880 417 2959 frg.
441 2882 518 2944 556:
548 2877 635 2953 ὅστις
656 2882 718 2962 γάρ
740 2882 775 2943 ἐν
796 2885 943 2945 κακοῖσιν
966 2880 1081 2963 ῖμεῖρει
1101 2887 1174 2964 βίον

300 2976 321 3061 ἢ
341 2977 444 3051 δειλός
466 2981 555 3042 ἐστιν
577 2977 599 3062 ἢ
620 2979 818 3063 δνσάλγητος
840 2989 967 3064 φρένας.

240 3097 353 3160 Trach.
379 3097 475 3159 1173:
507 3101 574 3169 τοῖς
595 3098 655 3177 γάρ
675 3101 820 3162 θανοῦσι
840 3097 967 3179 μόχθος
989 3097 1027 3161 ov'
1049 3103 1268 3180 προσγίνεται.

240 3211 401 3275 Mortuum
422 3212 501 3276 nihil
529 3214 605 3277 mali
627 3216 744 3279 sentire
765 3214 869 3296 Eurip.
892 3234 1019 3297 quoque
1042 3215 1118 3279 dicit
1135 3214 1249 3278 Troad.
1271 3213 1332 3276 635
1354 3234 1402 3297 sq.

241 3314 272 3375 et
292 3312 368 3375 638:

301 3427 338 3490 τό
360 3428 404 3513 μή
427 3434 583 3508 γενέσθαι
604 3432 651 3510 τῷ
667 3434 786 3492 θανεῖν
808 3429 881 3493 ἴσον
901 3428 990 3510 λέγω,

303 3530 361 3587 τοῦ
383 3530 436 3610 ζῆν
460 3526 497 3589 ‹lt-
520 3528 647 3609 λυπρῶς
668 3527 821 3610 κρεῖσσόν
843 3531 913 3593 ε’στι
934 3533 1123 3592 κατθανεῖν.

241 3626 365 3689 Heracl.
383 3628 459 3691 535:
489 3627 526 3690 τὸ
547 3628 607 3708 γάρ
632 3633 750 3691 θανεῖν

301 3728 407 3786 κακοῖν
426 3733 579 3806 μέγιστον
601 3726 774 3809 φάρμακον
794 3732 966 3809 νομίζεται.

241 3842 315 3906 Hec.
340 3843 400 3904 ato
425 3863 494 3924 sqq.
517 3843 680 3926 Polyxena
706 3849 844 3909 matrem
875 3845 1057 3909 consolatur
1092 3847 1226 3910 mortem
1261 3845 1407 3912 servituti

239 3942 325 4022 turpi
344 3942 588 4022 praeferendam
612 3964 677 4008 esse
706 3964 876 4026 exponens.
918 3945 1022 4009 Etiam
1051 3945 1084 4008 in
1105 3944 1238 4009 Philoct
1261 3944 1321 4027 frg.
1345 3947 1406 4012 789

240 4060 326 4104 mors
348 4041 516 4107 laudatur:
