2946 4734
704 230 747 297 36

152 403 344 487 ὑπερβολήν
360 405 509 487 σπουδῆς
524 401 665 486 ἐνέφηνε
680 406 718 469 τὸ
734 403 957 489 ,ἐλέμχουσα1·
980 405 1043 489 τήν
1057 406 1121 490 γάρ
1137 405 1299 490 ἐπίμονον

153 508 314 592 ἐρώτησιν
348 511 484 593 ἔλεγχον
521 508 702 592 ὠνόμασεν,
738 508 797 575 Or.
827 508 893 574 374
926 509 1005 575 δέον
1037 513 1144 576 εἰπεῖν
1176 510 1298 594 εὐσεβῆ

153 616 270 698 φόνον,
300 616 477 696 κακοήθως
499 611 638 678 ἀνόσιον
666 611 722 678 καὶ
745 612 847 697 άσεβή
871 617 980 699 (μόνον
1001 621 1097 681 καλεῖ
1116 616 1178 700 τήν
1198 640 1298 700 τιμω-

153 722 230 799 ρίαν
253 717 560 803 Κλυταιμνήστρας,
584 719 657 800 376,
674 719 749 800 401,
766 719 839 800 562,
860 720 952 802 1558,
975 718 1101 787 Phcen.
1118 720 1223 804 1566,
1239 720 1297 787 Or.

153 826 205 907 94,
233 825 285 907 25,
315 824 367 905 82,
397 825 449 905 87,
479 825 531 905 95,
567 822 660 890 011.
683 826 758 906 411,
793 822 887 912 Sept.
913 825 985 907 107,
1019 823 1100 891 Hec.
1124 826 1198 907 506,
1234 827 1297 892 191

152 930 266 1016 (schol.
291 929 381 1013 rec),
406 929 498 1015 Sept.
524 929 597 1010 197,
619 929 716 995 Eum.
742 929 813 1011 144,
837 928 938 1018 Hipp.
962 930 1027 997 672
1038 930 1071 1016 ¹).

240 1035 308 1102 Sed
328 1034 419 1121 quod
438 1034 674 1120 gravissimum
696 1033 835 1100 videtur
865 1034 909 1100 ad
936 1055 1097 1122 personas
1118 1035 1297 1117 notandas,

154 1139 224 1207 scil.
247 1141 323 1228 ipsa
344 1139 447 1220 faeta,
478 1139 598 1225 quibus
627 1140 724 1226 quasi
751 1143 830 1207 rata
852 1140 939 1206 fiunt
961 1141 1068 1207 verba
1090 1139 1146 1225 (cf.
1170 1139 1296 1207 Phoen.

152 1245 239 1329 274),
263 1245 304 1311 de
327 1266 368 1310 ea
390 1266 428 1310 re
451 1244 535 1309 nihil
558 1244 644 1310 certi
667 1267 685 1310 e
709 1244 843 1311 scholiis
867 1245 1096 1332 comperimus,
1119 1246 1161 1310 ut
1183 1266 1227 1312 an
1242 1266 1298 1311 ex-

153 1350 284 1417 stiterit
315 1349 511 1436 disciplinae
540 1353 756 1436 praeceptum
784 1371 888 1415 necne
918 1349 985 1416 dici
1013 1354 1171 1436 nequeat.
1215 1349 1298 1419 Per-

150 1457 264 1523 tinent
292 1460 406 1521 tamen
436 1454 500 1520 huc
530 1454 612 1520 haec
642 1455 768 1521 scholia
794 1478 861 1520 non
883 1454 984 1522 vilia:
1017 1454 1082 1521 Ad.
1106 1456 1193 1522 78.1
1218 1455 1294 1537 ,κατ’

151 1562 346 1644 οἰκονομίαν
376 1560 583 1646 supervenit,
615 1559 656 1625 de
686 1583 751 1647 quo
783 1582 892 1626 sermo
916 1564 977 1641 est,
1009 1564 1050 1626 ut
1079 1560 1183 1626 factis
1203 1559 1298 1627 dicta

152 1665 395 1746 ostendantur,
416 1665 521 1730 8803
539 1664 623 1751 ,quis
640 1666 726 1731 enim
749 1665 867 1731 credat
889 1674 960 1731 tam
983 1665 1103 1732 subitis
1125 1668 1204 1752 post
1225 1687 1297 1732 sae·

151 1771 271 1837 vitiam
303 1770 550 1851 blandimentis,
583 1770 649 1836 nisi
679 1770 780 1836 factis
812 1792 944 1857 quoque
975 1770 1220 1852 ostendantur,
1252 1770 1296 1836 cf.

152 1876 255 1942 etiam
270 1876 344 1941 788.
357 1877 388 1957 2,
413 1875 451 1942 O.
464 1875 506 1940 R.
523 1875 587 1940 287
610 1876 784 1941 κάνταῦθα
805 1878 843 1940 τὸ
866 1877 1088 1959 κηδεμονικὸν
1109 1885 1170 1941 τοῦ
1188 1877 1297 1960 ήθους

152 1981 367 2066 διετήρησεν·
391 1984 429 2046 τὸ
451 1978 513 2063 μὲν
536 1977 598 2046 οὖν
627 1982 768 2057 διπλοῦς
797 1984 951 2062 πομποὺς
972 1990 1031 2063 τῆς
1053 1982 1204 2065 σπουδής
1225 1979 1295 2046 ἐστι

150 2088 339 2172 τεκμήριον,
370 2086 412 2152 cf.
442 2086 562 2152 deinde
586 2086 687 2172 Hipp.
712 2087 785 2167 201,
816 2087 890 2167 345,
919 2086 1015 2151 Eum.
1039 2085 1098 2168 953
1131 2084 1188 2152 Or.
1211 2086 1294 2167 257;

151 2193 252 2259 schol.
273 2193 394 2278 Antig.
424 2192 507 2256 1232
539 2214 603 2278 quo
628 2196 680 2258 est
703 2191 850 2277 ineptius
880 2191 925 2257 ad
947 2194 1068 2277 poetae
1089 2191 1295 2278 interpreta-

149 2299 284 2378 tionem,
309 2319 347 2363 eo
371 2297 490 2363 maiori
511 2297 587 2362 usui
610 2301 663 2362 est
685 2296 763 2362 huie
785 2294 845 2362 rei.

236 2405 363 2470 Tamen
392 2425 434 2468 ne
464 2403 556 2468 facta
587 2402 720 2489 quidem
756 2424 886 2490 semper
916 2408 1010 2469 certa
1039 2425 1167 2469 morum
1197 2402 1295 2469 testi·

150 2509 261 2574 monia
291 2529 364 2573 esse
388 2507 470 2573 bene
503 2506 691 2593 expositum
725 2510 779 2573 est
809 2508 910 2574 schol.
935 2508 1023 2575 Med.
1046 2509 1127 2591 899,
1158 2507 1215 2574 ubi
1238 2529 1295 2573 ex·

150 2614 299 2701 plicatur
336 2615 380 2696 μή
406 2614 488 2676 κατὰ
520 2617 716 2694 προαίρεσιν
738 2635 860 2699 pueros
882 2635 1001 2679 necare
1036 2613 1196 2696 Medeam,
1236 2611 1296 2680 sed

150 2724 342 2801 περιαλγειν
364 2719 424 2800 τήν
448 2719 559 2802 ψυχήν
581 2727 626 2803 τῷ
650 2717 752 2782 πάθει
776 2721 812 2784 et
834 2717 965 2784 facinus
988 2717 1170 2784 admittere
1186 2718 1294 2784 διὰτὸ

149 2830 427 2908 προτεθυμήσθαι
450 2822 641 2906 ἀμύνασθαι
665 2825 724 2888 τὸν
743 2823 882 2903 Ἰάσονα,
905 2822 948 2888 cf.
973 2823 1036 2889 903
1059 2824 1121 2907 χρή
1143 2821 1180 2888 δὲ
1201 2833 1294 2889 νοεῖν

150 2930 200 2995 ὅτι
233 2929 393 3009 ἐδάκρυσε
425 2928 486 3012 μὲν
518 2928 666 3010 ἀλγοῦσα
698 2930 759 3011 τήν
782 2930 902 3011 ψυχήν,
935 2928 985 2992 ὅτι
1009 2930 1094 3010 πρὸς
1114 2938 1214 2993 τοῦτο
1236 2937 1294 3011 τῆς

148 3037 249 3118 τύχης
270 3034 451 3117 κατήντησε
474 3031 528 3097 καὶ
551 3043 616 3097 νῦν
639 3033 851 3114 ἀναγκάζεται
874 3042 976 3097 ταῦτα
999 3035 1091 3113 δρᾶν.

236 3138 302 3205 Sed
347 3139 531 3205 secretiora
576 3137 782 3203 detexerunt
818 3137 1029 3204 scholiastae.
1089 3137 1167 3205 soil.
1213 3160 1293 3204 non·

149 3244 274 3310 nullius
312 3245 473 3311 momenti
510 3244 553 3310 ad
590 3265 755 3330 personae
793 3266 901 3309 mores
938 3253 1162 3331 naturamque
1199 3245 1292 3310 recte

148 3349 410 3435 cognoscendam
440 3354 475 3415 et
504 3349 594 3415 clare
623 3348 896 3435 distinguendam
927 3352 1006 3415 sunt
1032 3352 1220 3415 ceterarum
1242 3348 1292 3414 fa·

150 3454 249 3520 bulae
271 3476 490 3541 personarum
520 3476 640 3535 mores,
671 3454 723 3520 ita
744 3456 785 3519 ut
809 3476 873 3540 quo
897 3453 1102 3521 diversiones
1126 3455 1196 3521 sint
1216 3475 1294 3542 per·

149 3581 259 3641 sonae,
293 3582 330 3625 eo
353 3559 487 3624 facilius
511 3562 735 3645 cognoscatur
757 3580 777 3623 a
800 3559 1056 3646 spectatoribus,
1081 3558 1162 3646 quid
1184 3559 1291 3626 cuius·

148 3687 213 3752 que
242 3664 416 3752 proprium
446 3665 500 3729 sit.
544 3664 641 3746 Quod
663 3668 879 3751 praeceptum
901 3667 1024 3749 poetae
1046 3663 1292 3730 observandum

149 3768 1291 3852 105151151163150110111811111111328ἐπίτηδεςτοϊςάνρίοις

148 3878 303 3958 ήθεσιν
346 3875 761 3960 άντιπαρατάττουσι
805 3877 917 3959 πρᾷα
958 3875 1111 3960 καθάπερ
1153 3885 1219 3942 νῦν
1251 3881 1291 3959 τῇ

147 3981 316 4066 Ἀντιγόνη
349 3983 410 4063 τήν
440 3979 591 4064 Ἰσμήνην
623 3980 719 4045 ἕνεκα
750 3990 810 4046 τοῦ
852 3982 1095 4045 διαποικίλλειν
1129 3991 1202 4057 ταῖς
1234 3979 1291 4044 άν-

148 4085 319 4167 τιρράσεσι
343 4088 382 4150 τά
410 4087 567 4168 δράματα,
602 4086 694 4151 cuius
718 4084 835 4151 scholii
858 4085 969 4152 verbis
1004 4085 1100 4150 ἕνεκα
1131 4091 1200 4151 κτλ.
1223 4107 1290 4153 non

184 4196 269 4291 ml).
284 4196 367 4277 Vides
391 4241 445 4278 non
464 4223 609 4292 diligenter
632 4242 681 4279 nos
708 4224 874 4293 distinxisse,
901 4233 991 4279 utrum
1019 4219 1093 4295 ἦθος
1121 4225 1290 4296 significetur

147 4314 236 4367 verbis
256 4330 291 4366 an
309 4312 413 4374 πάθος.
