2946 4734
544 199 839 288 ⁴--35-

146 401 277 466 dedant.
322 402 478 485 imprimis
499 403 640 481 mediae,
671 423 755 486 quae
775 404 890 482 fertur,
920 405 1105 470 comoediae
1132 406 1315 488 fragmenta

146 502 200 565 hic
222 502 360 565 adscribi
383 507 531 582 possunt,
556 504 643 567 velut

184 606 329 676 Amphidis
345 607 396 678 frg.
417 609 442 676 8,
461 608 494 662 K.
514 609 541 660 ΙΙ
559 628 585 678 p.
605 610 655 663 238

246 726 248 730 -
342 699 415 756 πῖνε,
434 699 521 757 παῖζε.
547 690 651 765 θνητὸς
665 690 679 746 ὁ
691 698 756 763 βίος,
776 690 868 762 ὗλίγος
883 688 947 748 οὑπὶ
964 695 1001 769 γῇ
1013 692 1122 767 χρόνος,

347 776 492 840 ἀθάνατος
510 775 523 831 ὁ
545 779 667 839 θάνατός
680 778 764 845 ἐστιν,
785 777 820 834 ἂν
834 775 908 838 ἅπαξ
919 800 961 840 τις
975 777 1119 856 ἀποθάνῃ.

184 873 305 927 Alexidis
322 875 374 941 frg.
394 872 523 941 25,4,·K.
543 873 568 925 ll
587 892 614 942 p.
635 873 707 958 306⁸

343 962 478 1030 πίνωμεν,
497 957 666 1031 ἐμπίνωμεν,
685 957 706 1013 οἶ
728 960 829 1023 Σίκων,
849 961 951 1027 Σίκων,

341 1047 493 1117 χαίρωμεν,
512 1044 562 1104 ἕως
580 1045 669 1098 ἔνεστι
689 1042 740 1116 τὴν
759 1042 851 1118 ψυχὴν
870 1049 990 1119 τρέφειν.

108 1123 112 1127 ’
186 1137 334 1208 Theophili
351 1138 404 1207 ng.
423 1139 463 1201 ιο,
483 1139 515 1191 x.
534 1139 558 1191 n
577 1157 603 1207 p.
621 1139 671 1192 477

346 1226 387 1284 τίς
405 1244 472 1295 φησι
491 1221 555 1285 τοὺς
574 1223 695 1297 ἐρῶντας
713 1221 774 1297 οὖχὶ
793 1225 861 1279 νοῦν
879 1225 964 1299 ἔχειν,

348 1299 363 1384 ἦ
381 1310 436 1365 πού
455 1313 496 1372 τίς
515 1309 571 1365 ἐστι
590 1307 656 1371 τοὺς
675 1310 793 1386 τρόπους
811 1309 956 1387 οἷβέλτρος·

348 1400 373 1455 εἰ
391 1396 446 1471 γὰρ
467 1395 565 1466 depellor
585 1417 628 1458 τις
647 1398 696 1452 τοῦ
714 1401 774 1468 βίον
792 1395 842 1459 τὰς
862 1393 970 1471 ἡδονάς,

348 1488 509 1540 καταλείποι
529 1480 612 1538 ου’δὲν
631 1483 695 1538 ἄλλο
714 1480 786 1557 πλὴν
805 1486 985 1558 τεθνηκέναι.

153 1590 272 1652 Eadem
295 1585 409 1649 suadet
431 1582 550 1647 eisdem
574 1581 614 1645 de
636 1583 740 1646 causis
762 1583 896 1647 Plautus
918 1583 950 1646 in
973 1584 1124 1659 Bacchid.
1151 1587 1231 1649 1165

348 1682 371 1735 si
389 1683 493 1749 amant,
512 1679 650 1750 sapienter
666 1680 779 1736 faciunt.
852 1706 854 1709 ·

146 1793 147 1796 ¹
186 1779 215 1829 et
234 1777 300 1830 1195
312 1794 371 1845 sqq.

347 1878 402 1935 non
422 1860 474 1915 tibi
494 1858 616 1915 venitin
634 1862 763 1924 mentem,
783 1859 890 1923 amabo,

346 1947 377 2015 si,
395 1947 460 2000 dum
481 1947 563 2010 vivas,
583 1945 636 2000 tibi
654 1944 725 2000 bene
743 1946 835 2013 facias,

346 2037 405 2088 tam
422 2033 468 2104 pol
486 2033 515 2085 id
534 2033 644 2101 quidem
663 2049 719 2087 esse
737 2032 812 2086 haud
832 2035 1057 2106 perlonginquom

346 2137 444 2188 neque,
465 2119 488 2172 si
506 2118 558 2173 hoe
575 2118 658 2173 hodie
676 2119 790 2191 amissis,
809 2123 871 2191 post
888 2121 918 2175 in

347 2209 434 2268 morte
454 2208 616 2260 eventurum
634 2222 690 2259 esse
708 2205 860 2273 umquem?

150 2301 275 2378 Quibus
283 2300 435 2380 exemplis
450 2300 521 2363 licei
535 2299 654 2363 addere
665 2301 837 2366 Philetaeri
853 2303 1068 2384 fragmentum
1081 2305 1108 2383 7,
1121 2304 1158 2368 Κ.
1167 2305 1193 2369 ll
1202 2326 1233 2387 p.
1243 2305 1320 2384 2323

151 2400 293 2465 Alexidis
316 2400 373 2481 irg.
397 2401 467 2477 xil,
490 2400 527 2462 Κ.
545 2400 571 2462 ll
592 2421 623 2480 p.
644 2402 722 2477 397;
745 2403 912 2466 Menandri
934 2404 991 2485 frg.
1002 2405 1073 2479 410,
1096 2405 1320 2487 K.111p.120.

235 2500 287 2563 Ad
317 2498 422 2578 elegos
440 2499 662 2562 Romanorum
693 2503 724 2563 ei
755 2501 961 2583 anthologiae
984 2503 1152 2567 Palatinae
1179 2504 1267 2568 lusus
1295 2506 1321 2568 si

149 2599 385 2678 descendimus
408 2598 495 2661 haud
518 2599 581 2662 alia
604 2599 735 2663 consilia
757 2600 800 2665 ad
815 2601 901 2666 vilae
916 2603 1075 2666 rationem
1091 2603 1320 2668 instituendam

152 2700 246 2764 nobis
267 2699 402 2762 dantur:
735 2702 737 2705 ’
1280 2705 1283 2715 ’

186 2806 267 2873 Prop.
286 2804 298 2856 1
317 2804 358 2867 19,
369 2802 403 2855 25
416 2818 455 2869 sq

346 2904 439 2957 qnare,
457 2886 523 2939 dum
541 2885 614 2955 licet,
633 2887 706 2942 inter
724 2905 773 2942 nos
790 2890 925 2944 laetemur
943 2892 1080 2944 amantes:

400 2990 456 3026 non
475 2972 540 3026 setis
558 2978 599 3029 est
616 2975 673 3029 ullo
692 2978 816 3046 tempore
835 2976 933 3046 longus
952 2994 1036 3030 amor.

187 3067 289 3121 Tiburi.
310 3068 322 3119 1
342 3066 458 3134 1,29sq.

349 3151 463 3216 interea,
482 3152 546 3204 dum
567 3152 746 3221 fainanum,
764 3152 912 3222 iungamus
932 3168 1050 3208 amores:

328 3231 329 3235 ’
400 3239 455 3293 iam
476 3239 567 3293 veniet
585 3239 705 3294 tenebris
722 3244 791 3294 Mors
808 3240 941 3310 adoperta
959 3242 1041 3309 capul
1063 3256 1119 3313 'eqs

189 3335 267 3404 Pro'p.
286 3333 309 3385 ll
331 3333 372 3395 15,
383 3332 416 3386 23
425 3350 464 3400 sq.

347 3417 412 3471 dum
431 3436 480 3472 nos
498 3419 557 3472 fata
575 3418 676 3482 sinunt,
697 3419 786 3472 oculos
804 3416 933 3471 satiemus
952 3432 1058 3470 amore:

400 3520 454 3557 nox
472 3503 525 3558 libi
542 3505 626 3572 longa
643 3504 721 3557 venit
741 3521 789 3557 nec
807 3502 930 3558 reditura
948 3502 1012 3556 dies.

152 3597 199 3661 Cf.
223 3598 351 3679 Epicuri
374 3600 565 3663 sententiam
590 3600 712 3664 anthol.
736 3599 791 3663 lai.
814 3599 872 3661 911

347 3714 409 3750 cum
428 3702 456 3751 le
474 3698 617 3752 mortalem
636 3697 717 3760 noris,
744 3696 932 3766 praesentibus
952 3698 1029 3766 exple

347 3782 451 3837 deliciis
469 3784 606 3837 animum:
626 3791 688 3853 post
707 3787 824 3838 moriem
843 3783 919 3836 nulla
939 3784 1072 3852 voluptas.

187 3874 290 3930 Tibull.
309 3876 321 3928 1
341 3877 365 3942 8,
375 3878 408 3931 47
419 3896 459 3947 sq.

348 3966 378 4017 at
395 3967 435 4029 tn,
456 3964 520 4017 dum
539 3961 623 4033 primi
640 3961 720 4015 florei
739 3951 792 4015 ribi
809 3959 940 4029 temporis
959 3960 1042 4024 aetas,

402 4053 492 4104 utere:
512 4068 567 4106 non
585 4050 667 4104 tardo
687 4048 790 4102 labitur
809 4049 855 4100 illa
870 4046 946 4114 pede.

1124 4133 1159 4185 3*
