2946 4734
641 206 681 271 59

78 387 216 452 familiae
242 386 377 468 Augusti
405 383 550 451 Caesaris
580 389 611 450 et
635 385 809 450 amicorum
842 388 908 452 eius
936 388 1132 470 conscriptae
1158 392 1241 453 sunt.

79 490 185 569 Atque
206 488 327 552 Seneca
350 488 381 552 in
399 507 484 550 cons.
507 487 550 551 ad
571 486 666 549 Marc.
691 508 717 550 c.
739 488 759 550 4
780 492 1027 568 commemorat,
1050 489 1148 554 immo
1170 509 1244 552 vero

79 589 218 668 excerpit
246 587 421 650 orationem
451 586 713 664 consolatoriam,
744 606 843 668 quam
877 587 1008 650 Areus
1038 588 1245 670 philosophus

80 687 229 752 habuerit
252 688 292 750 ad
312 686 432 751 Liviam
456 687 496 751 de
518 686 609 750 Drusi
631 690 742 750 morte.
781 687 891 768 ltaque
913 686 965 750 hic
988 687 1090 752 Areus
1113 688 1245 751 sortasse

78 806 145 850 non
173 786 298 866 ignotus
329 785 386 850 fuit
419 789 532 867 poetae
560 789 669 850 nostro
699 787 753 868 qui
783 786 946 868 epicedion
977 786 1068 850 Drusi
1100 786 1245 851 coniecit.

79 886 296 951 Tiberium
318 905 446 968 quoque
461 888 684 968 imperatorem
703 892 830 968 praeter
848 886 1017 963 orationes
1039 906 1119 968 quas
1133 887 1246 951 habuit

80 985 113 1048 in
150 988 400 1067 propinquorum
435 986 599 1051 funeribus
611 985 649 1068 ¹),
693 1007 821 1051 carmen
864 986 993 1069 lyricum
1031 987 1246 1068 composuisse

81 1085 178 1149 tradit
205 1085 374 1152 Suetonius
401 1087 480 1164 (Tib.
507 1086 576 1169 to),
604 1089 694 1152 cuius
722 1087 832 1152 titulus
862 1090 947 1152 erat:
978 1087 1177 1167 „conquestio
1208 1087 1246 1150 de

82 1193 179 1249 morte
207 1185 244 1250 L.
268 1186 445 1250 Maecenat
487 1187 599 1270 ltaque
629 1208 704 1253 vera
733 1187 906 1252 consolatio
936 1187 997 1252 hoe
1024 1206 1153 1252 carmen
1180 1205 1246 1251 non

82 1283 149 1347 tuit.
202 1285 358 1349 Seneca
389 1286 503 1351 deinde
540 1288 699 1369 permulta
731 1288 852 1368 scripsit
889 1287 1109 1352 consolatoria
1164 1286 1247 1350 Nam

82 1402 148 1445 non
168 1384 270 1448 solum
293 1385 333 1449 ad
358 1386 511 1453 Lucilium
541 1388 624 1450 misit
646 1388 797 1470 epistulas
828 1387 1055 1452 consolatorias
1074 1388 1113 1450 de
1145 1390 1247 1450 morte

83 1480 287 1548 Metronactis
308 1487 370 1568 (ep.
392 1487 463 1566 93),
486 1489 526 1552 de
548 1492 648 1552 morte
669 1488 771 1552 Flacci
794 1488 887 1552 amici
907 1487 966 1569 (ep.
986 1486 1056 1569 63),
1082 1489 1122 1550 de
1143 1491 1248 1550 morte

85 1582 211 1647 Marulli
240 1586 362 1666 parvuli
391 1586 452 1669 (ep.
477 1589 530 1667 99)
560 1589 614 1652 sed
646 1589 739 1653 etiarn
770 1589 999 1655 consolationes
1028 1588 1069 1651 ad
1096 1586 1248 1651 Marciam

84 1682 124 1745 de
142 1687 246 1748 morte
264 1685 326 1760 lilii,
350 1686 390 1750 ad
409 1687 554 1752 Helviam
571 1692 706 1752 matrem
724 1688 764 1752 de
783 1689 881 1770 ipsius
898 1689 999 1765 exili0,
1021 1688 1062 1751 ad
1081 1686 1248 1770 Polybium

86 1784 127 1848 de
157 1785 260 1850 iratris
282 1786 388 1863 obitu,
418 1782 589 1869 quas'iam
619 1809 716 1871 supra
743 1789 849 1864 attuli,
882 1789 936 1852 ubi
961 1789 1084 1853 locutus
1112 1807 1185 1850 sum
1209 1786 1249 1849 de

85 1885 302 1949 consolatione
333 1887 374 1950 ad
396 1887 534 1965 Liviam,
563 1909 663 1972 quarn
684 1888 963 1970 argumentatione
991 1889 1146 1953 artissime
1174 1905 1247 1950 cum

86 1982 226 2047 Senecae
252 1986 375 2067 scriptis
396 1987 566 2052 cohaerere
592 1990 817 2053 demonstravi.
861 1989 896 2052 ln
921 2008 956 2052 re
976 1988 1116 2051 oratoria
1142 1989 1248 2049 autem

85 2087 117 2144 et
146 2086 271 2165 poetica
301 2086 386 2150 hunc
417 2089 456 2151 de
476 2087 579 2152 Druso
608 2090 838 2154 consolatorem
869 2108 903 2152 se
929 2087 1104 2170 applicasse
1127 2085 1173 2149 vel
1208 2084 1249 2147 ad

86 2183 295 2249 Parthenium
311 2187 359 2250 vel
383 2189 424 2252 ad
447 2191 530 2270 ipsos
548 2190 691 2255 rhetores
707 2190 758 2253 vel
779 2190 822 2253 ad
837 2190 958 2253 Areum
975 2186 1141 2251 verisimile
1164 2185 1251 2248 vide·

87 2287 138 2349 tur
161 2287 212 2366 (cl.
234 2306 374 2369 eaquae
407 2290 490 2353 intra
512 2290 615 2354 dicam
639 2290 679 2353 de
702 2291 824 2365 Statio).
869 2290 1040 2353 Praeterea
1063 2286 1114 2350 hic
1134 2286 1249 2348 iterum

86 2386 234 2451 citandae
264 2391 338 2452 sunt
367 2390 449 2452 duae
479 2389 550 2454 illae
580 2389 697 2471 elegiae
724 2392 754 2453 in
786 2393 919 2453 mortem
950 2385 1142 2450 Maecenatis
1172 2403 1247 2447 con-

87 2488 234 2569 scriptae,
258 2508 338 2571 quas
359 2509 456 2571 supra
479 2491 621 2554 tractavi.

168 2590 198 2651 4.
220 2590 315 2668 Apud
345 2593 464 2654 ceteros
492 2610 566 2654 vero
597 2591 686 2672 primi
720 2588 837 2654 saeculi
867 2593 977 2671 poetas
1007 2605 1157 2650 romanos
1185 2603 1251 2647 non

88 2687 165 2751 mihi
187 2694 392 2754 occurrerunt
413 2690 643 2754 consolationes
662 2690 721 2754 nisi
739 2690 824 2771 apud
847 2688 1032 2765 Statium,
1055 2688 1143 2750 cuins
1162 2683 1253 2747 nobis

88 2789 262 2853 traduntur
286 2789 324 2852 Vl
344 2791 575 2855 consolationes
599 2791 759 2871 poeticae,
780 2808 861 2871 quas
880 2787 1021 2867 singulas
1041 2785 1150 2849 affero.
1193 2782 1252 2845 Sil-

87 2908 202 2953 varum
225 2889 304 2953 liber
320 2889 345 2953 ll
364 2891 506 2972 incipite
526 2891 739 2955 consolatione
761 2889 809 2953 ad
828 2888 1019 2952 Atedium
1043 2884 1253 2948 Meliorem

89 2989 136 3052 de
168 2994 296 3053 morte
327 2991 529 3055 Glauciae
560 2989 687 3054 infantis
718 2985 893 3070 scripta'2),
924 2985 1012 3049 cuius
1041 2982 1250 3048 summarium

90 3092 138 3153 est
163 3090 238 3152 hoc:
270 3089 365 3154 Dolor
394 3095 467 3154 tuus
491 3091 549 3154 erit
576 3095 699 3163 tantus,
731 3088 840 3151 utrix
862 3107 954 3151 aures
983 3086 1025 3148 sis
1054 3082 1253 3166 praebiturus

90 3190 297 3255 consolationi
328 3190 471 3271 (1-13);
504 3192 709 3255 nihilominus
738 3194 847 3254 autem
877 3184 1020 3250 animum
1051 3184 1182 3247 inducas
1212 3181 1255 3245 ad

90 3308 220 3355 carmen
251 3310 376 3366 meum;
408 3310 482 3355 nam
515 3292 581 3373 ipse
609 3295 713 3355 tecum
745 3289 836 3354 doleo
866 3287 1030 3370 (tl-18),
1065 3304 1136 3348 cum
1166 3282 1254 3347 testis

92 3389 207 3454 luerim
239 3396 270 3454 et
300 3391 446 3456 funerum
482 3396 515 3456 et
548 3392 699 3455 maeroris
734 3391 789 3453 tui.
843 3387 964 3452 Pariter
996 3387 1089 3467 igitur
1121 3384 1256 3446 fleamus

92 3491 252 3575 (ra-35).
295 3493 392 3557 Valde
414 3493 579 3556 Glauciam
606 3490 816 3566 desiderabis,
844 3507 918 3552 cum
942 3486 998 3549 tibi
1022 3485 1115 3548 tuerit
1135 3481 1256 3546 carissi·

10 3609 13 3620 ’
92 3611 165 3656 mus
188 3595 221 3656 et
244 3592 382 3655 famulus
403 3593 607 3656 oboedienter
632 3589 732 3653 fidelis
753 3585 912 3669 (so-71).
953 3586 1024 3650 Nou
1047 3603 1155 3649 servus
1177 3586 1254 3657 erat,

92 3691 148 3755 sed
176 3691 387 3773 adoptaveras
413 3713 485 3757 eum
509 3693 717 3772 habebasque
742 3709 801 3771 pro
827 3688 890 3751 titio
913 3682 1091 3766 (ta-105).
1135 3681 1256 3760 Dignus

96 3811 291 3818 ψ’...-

163 3862 190 3928 1)
210 3858 285 3912 Suet.
308 3854 368 3908 Tib.
391 3857 421 3924 6,
449 3856 524 3910 Suet.
550 3857 618 3925 Aug.
646 3856 710 3923 1003
737 3853 800 3906 Tac.
826 3852 894 3903 Anu.
919 3849 943 3902 4.
970 3849 1016 3916 1¹23
1041 3846 1102 3900 Seu.
1124 3861 1197 3898 cona
1221 3841 1255 3896 ad

93 3947 177 4002 Mam¹
200 3945 241 4000 15.
260 3942 285 3999 3.

162 4049 193 4118 2)
210 4047 246 4102 oi.
264 4046 351 4117 praef.
371 4046 407 4101 sd
424 4047 440 4101 l.
460 4045 495 4101 ll.
