2946 4734
766 267 807 330 66

274 447 307 501 59
320 445 399 502 inter
418 446 582 508 maerentes,
601 443 647 497 sed
666 459 721 496 non
740 459 790 513 ego
810 446 938 509 maestus,
958 445 1058 502 amicos

382 530 520 602 dispositis
540 529 612 583 iacui
631 529 734 584 funeris
753 529 883 596 arbitriis,

180 624 317 683 mortem
340 639 431 683 suam
455 621 549 701 igitur
569 639 634 682 non
654 639 722 682 esse
743 619 836 683 nimis
859 622 1133 703 complorandam.
1229 641 1237 654 ·

266 737 417 799 Videmus
448 739 555 799 autem
580 737 759 799 Ausonium
783 741 1009 817 argumentum
1040 739 1116 802 illud
1147 739 1250 803 efide
1270 738 1356 802 chri-

180 836 285 899 stiana
307 841 423 916 ortum,
446 835 693 898 immortalitatis
715 855 814 916 spem,
837 838 984 919 quamvls
1005 838 1071 920 ipse
1093 838 1187 902 fuerit
1208 838 1355 903 christia·

180 954 250 1014 nus,
272 954 338 998 non
358 935 462 998 solum
483 955 548 999 non
569 935 730 1012 adbibere,
755 938 810 999 sed
833 938 929 1001 etiam
953 939 991 1001 de
1014 939 1148 1002 veritate
1170 939 1238 1002 eius
1261 938 1355 1002 dubi-

180 1036 299 1112 tare¹);
330 1055 405 1098 nam
430 1055 539 1098 versus
557 1036 615 1113 illl,
638 1035 723 1098 Prot.
747 1037 776 1100 9.
800 1041 838 1100 6:
873 1057 924 1101 »es
947 1039 1077 1102 meritos
1106 1039 1189 1102 inter
1211 1057 1354 1103 comme·

180 1135 335 1198 morando
356 1135 467 1209 viros«
492 1138 524 1198 et
542 1135 626 1198 Prot.
644 1135 691 1198 11.
708 1137 744 1198 7:
770 1136 851 1199 »iam
875 1137 953 1199 mihi
975 1138 1103 1218 cognita
1127 1138 1249 1202 dudum
1268 1137 1354 1200 inter

180 1237 375 1297 memoratus
398 1235 557 1311 nomina«
589 1254 654 1297 non
685 1235 729 1298 sic
752 1235 981 1317 intellegendos
1001 1256 1070 1299 esse
1092 1237 1259 1312 existumo,
1282 1234 1354 1298 illos

179 1334 295 1397 versari
319 1335 400 1398 inter
423 1335 561 1398 celebres
578 1335 672 1412 viros,
694 1335 749 1398 sed
772 1355 826 1398 eos
843 1336 1061 1399 numerandos
1086 1357 1152 1399 esse
1167 1335 1250 1398 inter
1267 1334 1353 1398 viros

181 1433 299 1497 doctos.

260 1549 289 1612 b.
311 1549 431 1612 Deinde
454 1549 720 1629 Apollinaris
739 1550 959 1628 Sidonius,
988 1551 1205 1614 Arvernorum
1229 1549 1352 1630 episco-

177 1669 246 1731 pus,
267 1649 388 1730 scripsit
415 1649 558 1712 »neniam
584 1649 793 1737 sepulcralem
817 1651 849 1714 in
868 1652 1010 1715 Abraam
1041 1650 1211 1714 abbatem«
1246 1647 1350 1731 (epist.

178 1749 207 1812 7.
233 1746 282 1829 17)
311 1753 342 1811 et
368 1750 514 1812 »ueniam
540 1749 705 1812 funebrem
738 1770 794 1831 per
817 1749 1111 1832 hendecasylllabos
1138 1751 1166 1810 in
1191 1747 1352 1812 Philema-

177 1848 285 2028 tiamc(
299 1848 339 1927 (b.
362 1849 398 2028 8))
422 1852 453 1912 et
475 1849 561 1913 allud
580 1869 708 1913 carmen
730 1869 806 1931 »per
820 1849 1103 1932 hendecasyllabos
1119 1850 1149 1911 in
1168 1847 1351 1929 sepulcrum

178 1945 247 2010 avi«
287 1948 313 2009 3.
338 1949 397 2010 lt.

261 2063 455 2145 Apollinaris
491 2064 610 2128 Sidonii
646 2085 753 2143 socer,
797 2064 1166 2143 AlcimusAvitus‚
1207 2063 1350 2127 Viennae

177 2164 352 2247 episcopus
374 2184 478 2246 pauca
500 2168 628 2230 tantum
650 2166 792 2247 praebet.

259 2283 286 2346 3.
309 2283 476 2346 Postremo
502 2283 641 2345 breviter
679 2283 808 2346 afferam
840 2281 995 2344 nonnulla
1024 2279 1166 2344 carmina
1203 2277 1348 2343 consola·

175 2383 255 2445 toria
276 2401 361 2463 quae
384 2382 489 2445 inveni
512 2381 545 2443 in
567 2381 824 2462 Anthologia
849 2382 1001 2457 latina,
1030 2379 1179 2459 neglectis
1199 2396 1276 2441 vero
1298 2377 1347 2441 in·

173 2482 396 2563 scriptionibus
423 2480 661 2562 sepulcralibus.
703 2481 845 2545 Primum
874 2500 983 2544 eorum
1014 2479 1191 2543 carminum
1220 2477 1252 2538 in
1276 2475 1346 2539 cod.

173 2581 272 2645 Salm.
296 2581 387 2645 nobis
409 2581 561 2644 traditum
594 2582 634 2643 in
659 2585 824 2644 mortem
852 2580 1032 2644 infantis
1054 2575 1278 2642 christiani
1300 2578 1348 2639 est

174 2681 338 2763 scriplum.
380 2681 469 2745 Anth
500 2681 553 2744 lat.
576 2681 626 2744 cd.
648 2681 740 2744 Riese
765 2702 813 2744 nr.
835 2682 890 2744 92:

313 2813 421 2867 Nobilis
440 2815 526 2880 atque
546 2813 637 2867 insons
656 2831 720 2867 casu
739 2813 865 2881 impubes
884 2811 981 2866 acerbo

384 2899 501 2954 decessit
519 2899 646 2954 lacrimas
665 2899 792 2953 omnibus
808 2898 954 2952 incutiens.

312 2987 366 3041 Sed
384 2987 449 3055 quia
468 3004 554 3056 regna
574 2989 674 3056 patent
693 3003 801 3057 semper
819 2985 951 3039 caelestia
969 2982 1049 3036 iustis

382 3076 467 3140 atquc
486 3073 595 3127 animus
614 3073 704 3127 caelos
723 3072 922 3127 immaculatus
940 3069 1008 3133 adit,

278 3160 293 3213 5
313 3159 477 3214 damnantes
495 3160 576 3213 fletus
595 3177 688 3213 casum
704 3159 850 3213 laudemus
870 3156 979 3226 ephebi,

380 3245 428 3315 qui
446 3247 505 3300 sine
522 3250 637 3316 peccato
656 3248 754 3316 raptus
773 3245 809 3298 ad
827 3247 903 3298 astra
921 3243 1006 3313 viget.

312 3332 389 3386 Felix
410 3338 498 3388 morte
518 3351 568 3387 sua
585 3336 636 3397 est,
655 3331 738 3387 celeri
757 3348 840 3400 quem
859 3331 957 3384 funere
975 3332 1085 3383 constat

379 3435 434 3472 non
455 3419 568 3487 liquisse
589 3422 705 3488 patrem,
723 3418 770 3471 sed
789 3417 923 3487 placuisse
943 3417 1002 3471 deo.

255 3543 406 3607 Videmus
427 3543 460 3605 in
483 3542 544 3606 hoc
567 3541 709 3606 carmine
726 3559 888 3604 summum
911 3537 1096 3603 consolandi
1116 3542 1343 3620 argumentum

172 3644 310 3725 positum
334 3662 401 3706 esse
422 3641 454 3705 in
470 3642 533 3706 fide
561 3640 731 3706 christiana
753 3643 784 3703 et
799 3640 954 3703 infantem
972 3657 1037 3700 nou
1052 3638 1155 3700 solum
1175 3658 1240 3702 non
1257 3659 1344 3703 com-

171 3743 306 3826 planari,
335 3743 390 3807 sed
424 3743 521 3807 etiam
549 3741 727 3824 praedicari
754 3741 795 3804 ob
817 3743 934 3803 sortem
956 3758 1066 3817 suam,
1098 3759 1172 3803 cum
1200 3738 1234 3802 in
1254 3738 1344 3821 regia

173 3842 253 3908 caeli
273 3847 416 3908 versetur
434 3847 509 3908 aule
531 3843 645 3908 solium
667 3841 727 3906 dei.

175 3992 369 4003 ———..

248 4090 274 4160 1)
293 4089 365 4144 crof.
387 4091 427 4144 aa
450 4093 497 4162 153
517 4051 540 4145 ι.
558 4091 585 4145 a.
