2946 4734
696 198 740 263 48

148 373 302 441 adhibita
326 374 380 440 vel
401 373 598 441 adhibenda.
645 373 772 455 Quibus
796 395 814 439 a
837 372 971 440 scholiis
1000 371 1183 460 praecipue
1204 372 1292 438 artis

148 481 312 548 vocabula
326 482 513 564 emergunt,
538 501 556 544 e
572 479 692 566 quibus
708 494 814 566 paene
829 477 968 545 restitui
982 478 1092 566 possit
1105 477 1294 566 disciplina

148 585 246 652 Hanc
268 590 382 653 autem
405 607 526 672 puram
552 588 669 667 putam
693 583 859 650 Graecam
883 605 957 651 essa
991 583 1126 651 scholiis
1156 583 1292 651 collatis

148 690 260 777 quivis
289 690 435 771 videbit,
475 713 548 755 cnm
573 688 735 756 vocabula
768 692 829 755 aut
860 688 930 755 sint
960 688 1036 776 ipsa
1066 687 1200 756 Graeca
1232 692 1293 755 aut

149 797 283 862 (lraeca
294 794 417 861 Latine
433 817 542 862 versa.
577 793 712 860 Scholia
727 793 809 860 haec
824 803 919 860 sunt:
943 794 1005 860 Ph.
1021 795 1104 861 832
1128 816 1294 882 ,magna

148 901 437 988 praeparatio
470 899 521 966 ad
552 921 696 966 rerum
719 898 1050 966 difficultatem
1079 900 1293 967 imminen-

149 1006 272 1072 tium:
302 1005 415 1092 puella
445 1004 675 1086 citharistria,
707 1026 830 1070 avarus
853 1005 946 1086 leno,
971 1008 1104 1072 amator
1127 1005 1293 1093 perditus,

148 1109 659 1197 inopia‘,69.4,necessaria
676 1113 744 1175 est
766 1109 1011 1176 adfabulae
1034 1116 1294 1194 περίστασιν

150 1215 350 1282 avaritia
372 1214 675 1303 Demiphonis,
698 1218 739 1280 ut
761 1204 888 1281 maiore
903 1215 1054 1302 periculo
1076 1215 1137 1282 illo
1152 1216 1294 1284 absente

149 1320 288 1387 duxerit
302 1321 392 1386 fflius
407 1320 618 1401 indotatam‘,
635 1320 715 1384 70.1
743 1320 860 1400 ,hona
883 1320 1189 1406 praeparatio,
1213 1340 1295 1406 qua
1372 1314 1376 1320 ’

150 1430 193 1493 et
216 1425 339 1492 dives
370 1429 413 1491 et
436 1447 596 1491 avarus
620 1424 897 1491 describitur
919 1424 1145 1511 Demipho,
1176 1429 1217 1492 nt
1245 1424 1294 1491 in-

150 1531 286 1598 dotatas
309 1531 445 1618 nuptias
475 1529 539 1595 filii
563 1530 656 1595 ferre
679 1551 746 1595 non
768 1530 896 1616 possit‘,
928 1530 1032 1595 1202
1063 1530 1192 1609 ,ordine
1214 1530 1294 1598 Ter.

150 1638 245 1724 prius
270 1635 458 1702 insinuavit
480 1657 657 1721 personam
680 1634 777 1718 senis,
802 1639 841 1700 ut
863 1635 1025 1721 graviora
1045 1636 1184 1718 fierent,
1207 1659 1294 1724 quae

151 1741 356 1808 dirimebant
387 1741 542 1827 nuptiae,
577 1739 645 1805 Ad.-
679 1741 784 1805 2811
831 1763 898 1822 ,ex
934 1747 1188 1827 argumento
1226 1746 1295 1809 cst

151 1847 340 1925 ostendere,
364 1849 528 1933 quantum
544 1845 665 1911 timeat
681 1844 842 1932 Ctesipho
866 1867 1005 1912 saevum
1020 1850 1174 1933 patrem‘,
1197 1847 1294 1913 5391

152 1974 283 2038 ,magna
309 1951 441 2018 virtute
469 1950 547 2016 Ter.
570 1950 687 2016 rudem
715 1950 898 2038 simplicem
924 1951 1143 2038 timidumque
1165 1951 1297 2020 inducit

153 2057 389 2144 Ctesiphonem
413 2059 455 2123 ab
479 2056 588 2133 initio,
613 2059 651 2121 ut
674 2055 703 2120 is
727 2054 783 2135 sit,
807 2055 864 2142 qui
887 2077 963 2121 mox
987 2056 1198 2142 opprimetur
1222 2078 1296 2122 cnm

151 2164 331 2229 meretrice
359 2163 554 2228 accumbens
584 2161 783 2226 interventu
815 2161 925 2247 patris
958 2162 1000 2226 ob
1034 2161 1297 2248 imprudentiam

151 2272 187 2334 et
202 2267 430 2333 rusticitatem
447 2269 561 2347 suam‘,
585 2265 699 2344 38113,
716 2265 782 2331 An.
803 2265 885 2330 642
910 2265 1052 2343 ,talem
1075 2289 1169 2335 esse
1184 2264 1297 2334 Pam·

151 2373 317 2460 philam
350 2372 535 2438 adiuvat
569 2374 868 2456 argumentum
896 2371 1093 2454 fabulae,
1129 2372 1230 2440 simul
1261 2376 1297 2440 et

152 2477 356 2559 Charinum‘,
389 2476 475 2544 Eun.
498 2476 598 2540 4461
625 2475 738 2562 (schol.
765 2475 902 2562 subtile)
938 2475 1013 2557 ,hic
1045 2478 1295 2545 versiculus

152 2604 378 2669 personam
408 2581 570 2647 militis
601 2585 644 2647 et
668 2580 916 2648 Gnathonis
953 2581 1185 2650 continens
1215 2606 1296 2672 pro

153 2687 402 2754 oeconomia
431 2687 680 2768 inducitur,
716 2708 796 2772 qua
827 2686 1075 2753 verisimile
1105 2689 1165 2754 fit
1195 2688 1297 2757 facilc

153 2794 294 2860 militem
311 2793 404 2859 ferre
419 2815 516 2879 posse
531 2792 691 2878 anteponi
715 2791 779 2857 sibi
795 2791 1006 2874 Phaedriam,
1031 2793 1090 2879 qui
1112 2816 1148 2860 se
1168 2816 1298 2883 semper

152 2899 364 2966 intellexerit
386 2922 453 2965 non
476 2898 593 2964 amari.
617 2920 708 2963 nam
741 2897 777 2962 si
807 2897 884 2963 hoc
911 2897 1067 2980 tollas,
1101 2896 1163 2966 aut
1185 2900 1296 2967 exclu-

153 3003 280 3070 dendus
313 3008 365 3070 est
389 3003 558 3069 Phaedria
587 3006 649 3068 aut
681 3025 722 3068 ex
754 3002 871 3068 dolore
892 3002 1012 3068 militis
1039 3003 1074 3068 in
1096 3004 1159 3070 hac
1181 3004 1298 3072 fabula

152 3109 194 3174 fit
216 3108 327 3173 exitus
352 3108 513 3193 tragicus‘
528 3108 568 3193 ¹),
597 3107 635 3172 0.
659 3106 694 3171 C.
725 3106 787 3171 551
818 3110 999 3191 χρηστὸς
1026 3108 1043 3173 ὁ
1067 3113 1230 3191 Θησεὺς
1251 3112 1297 3176 τὸ

152 3210 260 3297 ἦθος
281 3215 512 3296 εἰσάγεται.
536 3211 742 3297 καὶέχειιιαὶ
759 3211 812 3276 ἐπὶ
834 3222 934 3279 τοῦτο
960 3223 1018 3291 τῆς
1044 3216 1297 3299 οἰκονομίας

153 3318 338 3397 δεξιώτατα.
355 3357 397 3364 -
413 3317 451 3383 Ο.
475 3318 517 3383 11.
538 3309 602 3382 378
625 3322 782 3401 πεποίηκε
806 3319 865 3383 τὸν
889 3320 1055 3384 Οἰδίποδα
1077 3318 1240 3385 ὑπονοεῖν
1262 3320 1296 3400 ἐξ

152 3425 323 3506 ὑποβολῆς
346 3423 513 3505 Κρέοντος
550 3433 652 3488 ταῦτα
689 3425 854 3505 εἰρῆσθαι,
889 3424 945 3487 ἵνα
979 3427 1155 3506 ζητοῦντος
1193 3426 1296 3491 αὑτοῦ

153 3530 354 3612 ἀφορμήν
389 3529 573 3610 εὔλογον
605 3530 678 3613 ἔχῃ
713 3529 757 3591 τὰ
793 3529 921 3593 λοιπὰ
959 3537 1032 3594 τοῦ
1065 3529 1295 3613 δράματος,

153 3633 190 3699 Ο.
216 3634 257 3698 R.
282 3632 344 3697 287
368 3635 405 3698 τὸ
430 3632 607 3714 ,Κρέοντος
629 3634 792 3708 εἰπόντοςί
814 3634 1005 3697 πιθανὸν
1028 3635 1068 3698 εἰ
1077 3656 1094 3708 ς
1115 3634 1164 3697 τὰ
1187 3631 1295 3718 ἑξῆς,

153 3741 224 3803 ἵνα
258 3738 278 3821 ἡ
308 3739 492 3803 ὑπόνοια
520 3739 649 3802 αὑτοῦ
683 3742 830 3802 πίστιν
860 3739 971 3822 ἔχοι,
1004 3739 1041 3803 τὸ
1075 3737 1297 3823 πεπεισμένον

152 3845 219 3909 ὑπὸ
256 3853 316 3908 τοῦ
354 3842 520 3920 Κρέοντος
557 3845 615 3907 τὸν
654 3846 827 3923 Τειρεσίαν
861 3844 1087 3925 μαντεύεσθαι
1121 3845 1203 3909 κατὰ
1235 3855 1295 3911 τοῦ

155 3950 337 4023 Οἰδίποδος
359 3949 398 4011 τὰ
421 3949 537 4030 ψευδῆ,
562 3947 599 4012 Ο.
624 3947 666 4012 R.
691 3947 755 4012 354
778 3949 955 4023 εἰκότως
978 3946 1162 4013 ἀπιστεῖται
1185 3948 1231 4025 ὡς
1253 3948 1295 4013 δι’

154 4054 259 4136 ὀργὴν
282 4055 430 4136 εἰρηκὼς,
453 4056 484 4117 εἰ
498 4050 534 4116 δέ
552 4052 734 4135 ἐπιστεύθη
750 4052 818 4116 κατ’
837 4052 941 4136 ἀρχὴν
958 4053 975 4118 ὁ
991 4052 1108 4136 μάντις
1131 4054 1180 4117 τὰ
1203 4051 1296 4138 ἑξῆς

244 4274 270 4341 1)
290 4271 368 4325 Infra
386 4271 420 4325 de
438 4272 489 4324 hoc
510 4271 613 4325 scholio
633 4287 722 4339 pauca
742 4270 884 4325 addentur.
