2946 4734
653 285 686 290 .,
742 240 783 312 11
832 285 872 292 -

175 427 271 512 paria
294 427 331 490 in
366 427 481 491 tabula
505 427 563 491 illa
597 433 676 491 sunt
705 427 907 512 composita:
943 427 1115 513 principes
1138 427 1352 492 Herodotum

177 551 211 606 et
226 543 463 628 Thucydidem
488 542 677 605 imitatores
701 542 895 628 principum
912 543 1105 629 Xenophon
1130 551 1164 607 et
1185 543 1354 608 Philistus

178 667 373 744 sequuntur,
400 657 522 743 quibus
547 657 688 721 secundi
712 657 841 722 ordinis
877 664 1030 723 auctores
1054 659 1295 745 Theopompus
1319 666 1355 723 11

177 775 334 860 Ephorus
359 773 513 839 adiuncti
537 781 631 856 sunt;
657 773 714 837 sed
741 782 812 837 tum
838 774 945 839 solum
970 782 1158 860 propterea,
1183 775 1273 860 quod
1297 798 1353 840 res

178 889 220 954 ab
246 890 440 954 Alexandro
462 890 589 972 Magno
625 896 738 972 gestas
769 890 1020 974 descripserint,
1046 891 1294 956 Anaximenem
1320 898 1356 955 et

179 1005 421 1070 Callisthenem
445 1007 481 1069 in
506 1027 669 1070 canonem
694 1006 789 1070 illum
814 1006 966 1071 redactos
991 1029 1064 1071 esse
1086 1029 1148 1093 pro
1172 1013 1265 1072 certo
1284 1028 1357 1073 non

178 1121 329 1186 habeam.
376 1122 463 1186 item
500 1122 657 1205 quintum
693 1144 754 1202 par
787 1144 827 1185 ex
852 1122 1099 1207 antiquioribus
1125 1122 1355 1206 Hellanicum,

178 1236 360 1322 Polybium
385 1260 426 1302 ex
461 1238 704 1322 posterioribus
739 1239 882 1301 fortasse
917 1239 1050 1302 numeri
1086 1238 1218 1303 denarii
1251 1260 1355 1304 causa

178 1352 333 1417 additum
350 1375 433 1436 esse,
459 1353 599 1417 minime
615 1353 699 1416 mihi
717 1353 886 1438 probatur.
934 1354 1103 1439 Equidem
1126 1354 1163 1419 111
1181 1354 1354 1419 Hellanici

178 1469 324 1551 nomine,
361 1470 450 1554 quod
483 1492 593 1553 neque
628 1469 707 1533 huic
743 1492 852 1554 neque
888 1470 946 1534 1111
975 1470 1121 1554 catalogi
1144 1470 1254 1534 nostri
1277 1471 1354 1535 loco

179 1592 295 1669 aptum
321 1592 380 1667 est,
407 1584 705 1649 vehementissime
728 1584 903 1650 offendens
921 1587 1143 1671 corruptelam
1159 1585 1354 1670 graviorem

179 1699 365 1764 sanandam
389 1723 461 1764 esse
478 1700 644 1765 existimo.
680 1702 727 1764 Et
743 1723 819 1764 mea
835 1701 972 1785 quidem
996 1701 1165 1767 sententia
1182 1708 1233 1766 est
1258 1701 1353 1778 haee,

180 1814 328 1879 indidem
349 1816 445 1880 illum
470 1839 488 1880 e
512 1807 629 1876 πίνακι
655 1817 800 1900 quodam
824 1824 934 1881 ortum
959 1839 1042 1901 esse,
1067 1817 1125 1902 qui
1148 1817 1259 1904 primo
1283 1839 1353 1883 non

179 1932 318 1996 nomina
339 1934 409 1996 sola
426 1933 496 2010 sed,
521 1940 560 1997 ut
577 1932 709 2015 soleret,
734 1933 834 1996 etiam
858 1955 958 2019 opera
974 1933 1158 2018 unicuique
1177 1932 1352 2018 scriptoris

179 2048 309 2112 nomini
324 2048 456 2112 adiecta
469 2048 685 2112 continuerit.
733 2049 774 2113 ln
795 2048 980 2134 archetypo
998 2049 1105 2133 igitur
1120 2043 1353 2134 Καλλισθένης

176 2153 379 2248 Ἑλληνικά.
407 2215 413 2228 .
440 2214 447 2229 .
472 2165 578 2228 luisse
603 2173 637 2227 et
659 2164 789 2228 librarii
815 2166 869 2229 vel
894 2165 1041 2230 auctoris
1077 2165 1217 2230 canonis
1245 2165 1354 2251 ipsius

180 2279 302 2344 mendo
338 2303 379 2344 ex
414 2281 524 2364 operis
561 2280 661 2344 titulo
698 2302 820 2343 nomen
858 2280 1031 2365 scriptoris
1067 2287 1102 2345 et
1136 2302 1206 2345 non
1241 2280 1372 2364 ignoti·

181 2418 254 2460 esse
283 2397 410 2461 iactum
436 2396 610 2460 coniciam.
658 2397 735 2459 Huc
760 2397 913 2479 quamvis
937 2396 1011 2461 leve
1036 2404 1275 2480 argumentum
1299 2417 1354 2460 ac·

180 2511 281 2595 cedit,
312 2512 400 2596 quod
438 2517 471 2575 11
501 2512 572 2576 cod.
603 2511 632 2574 B
657 2521 691 2576 11
715 2513 785 2576 cod.
812 2501 1053 2608 V‘Ettquadg,
1081 2501 1355 2608 non‘Elldvtuog

180 2628 352 2712 praebent.
401 2627 578 2692 Sententia
606 2650 680 2692 mea
708 2650 787 2692 vero
810 2627 1025 2712 comprobata
1047 2650 1116 2692 non
1140 2627 1267 2711 decern,
1292 2627 1353 2693 sed

180 2766 302 2809 novem
319 2748 452 2807 tantum
470 2744 650 2828 scriptores
666 2743 835 2826 leguntur.
875 2742 924 2807 At
941 2744 978 2807 in
991 2746 1098 2809 altero
1114 2743 1353 2809 historicorum

181 2860 383 2944 scriptorum
417 2859 567 2924 indiculo
601 2860 678 2937 (tab.
705 2859 816 2936 CIV)
841 2860 979 2924 nomina
1008 2860 1133 2945 partim
1156 2859 1355 2925 foedissime

183 2982 340 3060 corrupta
376 2997 553 3039 numerum
593 2976 814 3040 novenarium
854 2976 936 3039 item
975 2998 1044 3041 non
1078 2975 1355 3041 transscendunt.

246 3091 347 3156 Nunc
376 3090 418 3154 ad
447 3093 553 3154 multo
583 3092 774 3173 graviorem
799 3093 1033 3176 quaestionem
1068 3091 1232 3175 aggressi,
1268 3112 1353 3156 num

183 3207 239 3270 ille
262 3207 330 3270 tab.
353 3207 386 3270 M
412 3205 514 3269 index
538 3209 592 3271 vel
617 3208 702 3271 alius
726 3230 787 3292 per
811 3208 1049 3292 antiquitatem
1072 3207 1176 3291 vulgo
1205 3207 1356 3273 valuerit

181 3323 399 3405 requiramus.
446 3323 521 3387 Hoc
557 3323 750 3387 omnimodo
785 3324 859 3387 luce
884 3323 1006 3388 clarius
1031 3333 1091 3406 est,
1127 3330 1166 3387 ut
1188 3321 1355 3408 Polybius

182 3438 223 3502 ab
247 3437 490 3501 Alexandrinis
514 3439 582 3502 illis
607 3439 643 3503 in
667 3440 1033 3523 praestantissimorum
1058 3445 1231 3503 auctorum
1255 3460 1355 3504 cano·

182 3576 270 3636 nem,
296 3553 324 3617 si
348 3553 447 3617 modo
471 3555 672 3639 scriptorum
697 3577 830 3639 quoque
856 3556 985 3619 indices
1009 3562 1143 3640 praeter
1176 3559 1355 3640 poetarum

183 3669 332 3733 delectus
350 3670 597 3752 constituerint,
623 3671 839 3755 reciperetur,
857 3671 931 3735 fieri
948 3693 1015 3735 non
1032 3670 1195 3755 potuisse.
1230 3668 1355 3746 Quam·

183 3808 282 3869 quam
308 3784 387 3849 dein
411 3787 554 3850 multum
590 3808 651 3850 nos
687 3809 755 3851 non
779 3786 933 3872 impedit,
972 3786 1150 3871 quominus
1174 3785 1356 3867 Brzoskae,

183 3902 240 3985 qui
265 3901 307 3986 (p.
332 3904 385 3975 49)
410 3924 477 3965 non
501 3902 549 3966 ita
573 3904 680 3967 multo
709 3909 785 3987 post
809 3902 989 3987 Polybium
1025 3910 1205 3985 mortuum,
1242 3903 1355 3988 primo

182 4039 210 4080 a.
236 4018 314 4080 Chr.
340 4040 373 4080 n.
410 4019 542 4082 saeculo
578 4019 767 4101 catalogum
803 4026 954 4082 nostrum
989 4019 1025 4082 in
1054 4019 1163 4083 lucem
1187 4017 1357 4102 prodiisse

183 4134 414 4197 demonstrare
431 4142 582 4216 conatur,
601 4133 689 4218 quod
707 4134 868 4218 Polybius
885 4134 974 4219 apud
992 4134 1122 4200 Stoicos
1137 4134 1356 4218 potissimum

183 4258 216 4312 et
239 4251 410 4313 Romanos
435 4258 515 4313 tunc
539 4272 668 4313 summa
692 4250 808 4314 valens
830 4250 1030 4314 auctoritate
1054 4249 1224 4315 veteribus
1248 4249 1356 4316 histo·
