2946 4734
780 260 820 325 30

292 439 320 506 8.
360 439 453 506 Nunc
474 459 549 506 vero
572 443 771 506 transeamus
793 442 837 505 ad
856 441 921 505 duo
943 441 1010 505 illos
1026 442 1149 523 poetaS,
1171 459 1307 524 quorum
1330 439 1377 505 in-

208 544 300 622 genio
323 543 515 619 estfactum,
536 541 632 605 ulad
650 560 814 605 summurn
831 540 1029 623 perfectionis
1045 543 1180 624 gradum
1197 541 1377 624 perveniret

208 662 334 706 carmen
345 642 563 718 threneticum,
575 641 771 706 Simonidem
785 640 883 705 Ceum
898 641 969 706 dico
984 645 1015 706 et
1027 642 1220 719 Pindarum
1237 659 1377 724 quorum

207 742 257 806 ille
279 743 422 805 omnium
442 761 549 805 rerum
571 741 786 805 humanarum
805 741 1021 822 peritissimus,
1042 741 1184 806 moribus
1199 740 1328 820 integris
1345 742 1377 802 et

206 840 333 920 ingenio
354 841 478 904 sublimi
499 841 627 904 adiutus
640 840 759 921 oplime
777 844 903 922 poterat
926 860 1040 904 suaves
1057 841 1154 904 animi
1172 839 1304 904 affectus
1323 858 1377 901 ex·

208 941 305 1003 citare
319 943 350 1002 et
369 959 570 1004 commovere
585 941 848 1015 misericordiam;
866 940 918 1003 hic
930 944 1037 1004 autem
1054 943 1238 1021 praestabat
1249 957 1376 1003 summa

207 1039 363 1120 sapientia
386 1044 417 1103 et
440 1061 513 1104 vera
533 1040 692 1120 religione,
721 1040 836 1122 quibus
858 1040 1014 1104 debentur
1036 1039 1132 1104 dictio
1154 1040 1219 1103 eius
1242 1040 1327 1102 elata
1344 1041 1377 1100 et

207 1140 435 1203 sententiarum
460 1140 594 1204 altitudo
613 1159 741 1203 summa
762 1139 972 1204 admiratione
993 1141 1099 1221 digna.

287 1255 466 1321 Simonides
481 1275 645 1321 musarum
669 1256 823 1320 solacium
846 1257 992 1320 donabat
1012 1255 1135 1320 afflictis
1157 1257 1188 1317 el
1208 1256 1250 1317 ab
1272 1254 1375 1318 omni-

207 1356 266 1420 bus
297 1355 493 1438 antiquitatis
514 1356 720 1438 scriptoribus
738 1355 886 1420 laudibus
898 1356 1026 1420 effertur
1042 1359 1175 1438 propter
1196 1354 1376 1418 carminum

208 1454 455 1519 threneticorum
490 1456 715 1537 perfectionem
729 1453 763 1536 ¹).
814 1455 951 1520 Carmen
987 1455 1066 1519 illud
1096 1455 1249 1535 lugubre,
1287 1456 1374 1538 quod

207 1554 329 1636 scripsit
351 1554 392 1618 ad
414 1554 568 1636 Dyserida
600 1554 640 1619 de
662 1558 764 1618 morte
784 1555 933 1620 Antiochi
955 1555 1019 1632 filii,
1050 1554 1143 1619 valde
1171 1555 1283 1619 laudat
1304 1556 1376 1618 Ari-

206 1651 345 1745 stides2).
380 1653 622 1736 Harpocratio⁸l
646 1674 775 1737 quoque
796 1661 1028 1721 commemorat
1041 1655 1209 1720 Simonidis
1225 1657 1373 1720 threnum

206 1754 239 1817 in
263 1754 486 1837 Lysimachum
511 1754 666 1819 Eretriam
687 1757 848 1838 scriptum.
893 1757 978 1821 lnter
1007 1757 1154 1839 reliquias
1181 1760 1287 1820 autem
1311 1754 1374 1818 ele-

207 1854 313 1935 giacas
332 1855 502 1919 nonnullas
523 1856 710 1934 invenimus,
733 1858 848 1940 quibus
865 1857 1041 1939 complorat
1062 1856 1278 1920 Promachum
1301 1853 1373 1936 (lrg.

210 1953 279 2036 111)
301 1959 333 2019 et
353 1955 560 2020 Timarchum
584 1955 653 2038 (frg.
679 1955 749 2038 115)
772 1961 804 2022 et
824 1957 921 2022 alium
941 1958 1101 2041 quendam
1124 1958 1155 2021 in
1179 1978 1259 2038 rupe
1274 1956 1373 2020 Gera-

207 2055 260 2120 nia
282 2057 447 2136 naulragio
467 2059 623 2140 perditum
648 2055 717 2138 (oe.
731 2057 812 2135 117).
849 2057 935 2136 Quas
949 2058 1098 2141 reliquias
1112 2077 1179 2122 esse
1199 2057 1370 2138 elegiarum

207 2154 389 2236 lugubrium
411 2160 496 2220 recte
518 2159 666 2238 cognovit
687 2156 881 2239 F1·ancke.⁴).

290 2270 482 2337 Consolandi
504 2278 694 2354 argumento
715 2273 728 2338 Ι
748 2275 848 2338 utitur
866 2275 1043 2339 Simonides
1066 2274 1129 2338 vim
1157 2274 1294 2339 latorum
1317 2275 1372 2338 de·

209 2375 392 2436 monstrans
413 2372 471 2453 hg.
493 2373 549 2437 38:

266 2485 380 2550 πάντα
401 2489 462 2570 γάρ
482 2495 565 2572 μίαν
586 2489 721 2553 ἱκνεῖται
741 2489 920 2573 δασπλῆτα
939 2488 1111 2573 χάρυβδιν,

267 2585 303 2650 αἱ
319 2587 456 2668 μεγάλαι
477 2589 505 2651 τ’
527 2589 642 2671 άρεταὶ
662 2590 716 2653 καὶ
739 2588 758 2652 o‘
779 2589 926 2663 πλοῦτος.

205 2687 235 2747 et
258 2683 316 2765 frg.
339 2687 395 2751 39:

265 2799 462 2881 Ἀνθρώπιον
483 2802 589 2884 ὀλίγον
611 2807 672 2884 μὲν
693 2801 820 2886 κάρτος,
842 2799 1005 2885 άπρακτοι
1026 2804 1064 2865 δὲ
1083 2802 1259 2887 μεληδόνες

268 2898 361 2963 αἰῶνι
379 2901 417 2964 δὲ
438 2901 555 2984 παύρῳ
576 2901 677 2977 πόνος
698 2903 786 2985 οἷμφὶ
807 2902 910 2983 πόνῳ·

264 2997 282 3059 ὁ
303 2999 332 3061 δ’
352 2997 497 3083 ἄφυκτος
519 3001 603 3083 ὁμῶς
624 3003 838 3083 ἐπικρέμαται
859 3001 1015 3076 θάνατος.

265 3103 372 3161 κείνου
391 3099 452 3181 γάρ
475 3101 549 3165 ἴσον
570 3101 671 3183 λάχον
689 3111 785 3185 μέρος
805 3100 843 3166 οἵ
857 3103 884 3164 τ’
906 3103 1040 3183 birodei,

266 3193 355 3272 ὅστις
375 3199 413 3261 δὲ
432 3198 539 3275 κακός.

204 3299 246 3460 eh
257 3296 314 3460 ffrg.
336 3297 503 3479 855)(quod
525 3299 678 3383 Bergkius
700 3301 874 3383 Amorgino
902 3302 994 3365 tribui
1015 3300 1082 3365 vult
1106 3320 1136 3382 p.
1161 3299 1239 3363 nlo
1259 3299 1368 3364 adnot.

204 3414 224 3459 a
279 3416 326 3478 rg.
414 3421 422 3461 ι

265 3511 362 3576 οὐδὲν
383 3512 419 3575 ἐν
441 3510 651 3594 άνθράποισι
670 3520 761 3594 μένει
782 3513 877 3598 χρῆμ’
897 3514 1042 3596 ἔμπεδον
1063 3510 1137 3577 αἰεί.

305 3613 341 3675 ἓν
361 3611 399 3674 δὲ
419 3611 457 3675 τὸ
478 3611 651 3676 κάλλιστον
673 3617 756 3688 Χῖος
776 3615 886 3677 ἔειπεν
907 3613 999 3697 άνήρ.

273 3839 299 3907 1)
318 3838 410 3906 Quint.
421 3840 454 3895 X.
466 3843 489 3894 1.
507 3842 556 3895 ol:
577 3843 729 3912 praecipuo
748 3843 806 3898 τιάε
823 3843 854 3898 in
872 3842 1062 3898 commovendo
1080 3842 1256 3896 miseratione
1270 3839 1367 3895 virtue.

275 3925 302 3993 2)
320 3924 404 3994 Apud
423 3925 522 3996 Bergk.
541 3927 595 3997 frg.
615 3930 656 3982 34.

272 4011 299 4078 3)
317 4011 382 4068 ibid.
402 4011 455 4082 frg.
473 4013 516 4068 35.

271 4098 298 4166 1)
318 4097 440 4152 Francke
457 4098 580 4154 Callinus
598 4118 624 4168 p.
643 4100 675 4152 67
693 4117 734 4168 sq.
