2946 4734
702 247 745 315 82

157 423 276 511 quibus
292 422 450 489 nimirum
466 422 577 490 aliena
596 445 644 506 ea,
668 445 754 511 quae
768 424 969 512 simpliciter
983 447 1181 493 scaenarum
1203 420 1302 514 argu-

156 532 271 596 menta
293 527 454 595 exhibent
488 550 550 595 nec
584 531 741 616 spectant
762 528 808 596 od
828 528 1026 596 utilitatem.
1071 529 1303 599 Haerentem

156 633 283 701 scholia
304 636 420 700 utrum
442 638 592 701 veterem
615 632 813 722 disciplinae
842 633 984 701 formam
1009 657 1054 702 an
1076 637 1302 705 recentiorem

154 739 288 806 fabulas
310 737 509 826 inspiciendi
522 736 778 827 utilitatemque
801 739 996 827 expiscendi
1017 740 1186 808 rationem
1204 762 1300 830 prae-

155 847 268 927 beant,
290 862 359 912 non
373 843 468 911 ultra
483 847 744 931 perscrutemur,
768 845 971 932 praesertim
993 866 1075 912 cum
1089 844 1132 913 de
1146 846 1300 916 utilitate

155 951 358 1018 sententiam
389 951 498 1038 ipsam
518 949 654 1016 minime
676 952 847 1017 recentem
869 972 942 1017 esse
966 950 1159 1020 viderimus.
1206 953 1301 1036 Quae

155 1055 258 1123 etiam
280 1055 343 1122 hoc
366 1055 568 1122 scholiorum
591 1077 730 1122 numero
753 1057 927 1142 probatur,
957 1078 1043 1144 qnae
1065 1059 1144 1124 arte
1166 1059 1299 1126 coniun-

154 1160 265 1247 genda
288 1164 366 1228 sunt
390 1184 464 1227 cum
479 1160 604 1228 scholio
620 1161 726 1247 primo
750 1160 822 1227 loco
846 1160 986 1227 laudato
1008 1159 1112 1249 Hipp.
1128 1162 1204 1245 612,
1227 1164 1296 1232 soil.

155 1266 220 1331 An.
237 1267 280 1332 67
304 1270 340 1333 et
362 1267 415 1333 68.
429 1267 458 1332 1.
472 1267 501 1332 2.
515 1268 545 1348 3,
570 1269 750 1354 quaesunt
767 1265 807 1332 de
821 1265 934 1333 verbis
963 1264 1045 1348 „hoc
1067 1272 1220 1355 ternpore
1242 1271 1297 1337 ob-

154 1371 305 1459 sequium
336 1372 478 1446 amicos,
511 1372 640 1439 veritas
672 1371 785 1437 odium
806 1369 921 1458 parit“
955 1371 1298 1458 ,improbatura

154 1476 448 1564 sapientibus
473 1477 580 1573 haec
600 1477 858 1565 sententia,
882 1498 959 1543 nam
974 1476 1172 1565 obsequium
1186 1500 1296 1547 assen-

152 1582 711 1661 tatordebet,emicusveritatem.
746 1580 1295 1668 Sedintheatrodicitnr,

153 1709 237 1752 non
270 1687 314 1752 in
347 1686 525 1769 schole‘,
560 1686 704 1769 ,huius
728 1709 888 1753 versus
915 1708 1022 1774 pars
1045 1687 1312 1775 improbior,

153 1794 208 1858 est
232 1791 381 1874 „veritas
405 1792 515 1859 odium
531 1793 677 1880 parit“‘,
702 1791 951 1874 ,sententia
973 1793 1231 1875 παράδοξος
1253 1797 1296 1862 et

152 1894 294 1985 magis
318 1897 505 1965 theatro
528 1903 637 1985 apta
660 1920 785 1987 quam
809 1895 999 1980 officio‘,
1031 1897 1296 1983 ,ἀμφίβολος

153 2003 1295 2091 sententiaetprobabilismagisquamnecessaria

153 2111 232 2174 ant
253 2107 469 2192 honesta‘,
505 2109 558 2174 El.
582 2111 625 2174 47
647 2111 702 2194 μὴ
725 2112 1039 2192 σμικρολόγος
1060 2132 1129 2187 τις
1151 2109 1295 2176 ἐπιλά-

151 2218 282 2297 βηται
305 2214 1293 2299 ὡςκελεύοννοςἐπιορκεῑντοῦαοιητοῦκτλ.,

151 2317 206 2384 Ai.
224 2319 318 2383 554b
343 2320 397 2384 δεῖ
418 2324 534 2402 λαβεῖν
555 2330 654 2385 τοῦτο
677 2321 722 2397 ὡς
744 2318 798 2385 ἐπὶ
821 2321 967 2385 παιδίον.
991 2319 1041 2385 οὐ
1063 2321 1145 2403 γὰρ
1167 2324 1294 2386 καθό-

151 2430 231 2491 λου
252 2427 313 2509 τὴν
337 2427 535 2511 ἀφροσύνην
557 2430 741 2506 προκρίνει,
765 2423 889 2491 Phoen.
906 2424 971 2490 504
994 2423 1072 2490 οὐκ
1096 2423 1294 2511 ἐπιτιμη-

150 2529 198 2595 τέ
204 2556 253 2597 ον
277 2531 325 2597 δέ
336 2551 344 2567 ·
363 2532 518 2615 ἁρμόδιον
540 2533 604 2614 γὰρ
627 2531 663 2597 ολ
683 2533 778 2614 λόγοι
801 2528 899 2610 ἀνδρὶ
920 2530 1115 2611 πλεονεξίαν
1129 2532 1294 2598 διώκοντι.

151 2635 281 2717 Quibus
304 2636 340 2701 in
363 2636 496 2703 scholiis
521 2638 635 2703 verbis
659 2636 760 2703 certis
792 2642 828 2703 et
859 2638 944 2702 bene
966 2636 1083 2703 electis
1107 2637 1295 2724 expositum

64 2819 68 2829 .
151 2746 218 2822 est,
243 2764 341 2830 quam
364 2747 491 2809 temere
513 2742 684 2808 interdum
706 2746 745 2808 ut
769 2740 902 2808 scholae
924 2741 1084 2828 magistri
1107 2742 1294 2810 sententias

150 2848 291 2914 alicuius
325 2870 487 2935 personae
522 2850 626 2915 verba
661 2847 698 2912 ἐν
729 2849 806 2930 ἤθει
843 2847 1066 2934 pronuntiata
1102 2848 1295 2936 acceperint

149 2957 370 3039 spectatores,
394 2953 445 3019 ita
467 2957 508 3018 ut
530 2951 806 3040 prudentioribus
822 2955 858 3018 et
873 2951 1079 3019 cautioribus
1096 2952 1295 3020 monendum

150 3065 259 3139 esset,
293 3080 359 3124 non
394 3057 503 3123 omnia
538 3058 658 3124 statim
680 3061 832 3122 καθόλου
854 3056 961 3144 accipi
983 3057 1103 3125 debere
1127 3062 1167 3124 nt
1189 3057 1294 3145 philo·

151 3163 247 3249 sophi
281 3165 320 3228 τὰ
342 3165 445 3246 ἠθικὰ
475 3163 643 3244 docentis,
680 3161 739 3228 sed
771 3162 914 3249 primum
943 3162 1126 3229 tenendum
1157 3185 1231 3231 esse
1260 3163 1295 3230 in

149 3267 286 3333 theatro
319 3291 339 3334 a
371 3268 563 3334 fabularum
595 3269 746 3354 personis
784 3267 870 3334 talia
905 3267 1019 3350 dicil).
1075 3268 1293 3336 Brevioribus

152 3372 211 3439 sed
243 3375 278 3437 et
301 3373 383 3458 ipsis
405 3374 550 3459 propriis
573 3373 688 3440 verbis
712 3396 769 3439 res
794 3373 986 3459 significata
1008 3376 1062 3440 est
1092 3373 1129 3439 in
1160 3372 1293 3440 scholiis

151 3478 217 3542 An.
242 3478 327 3542 (50.2
351 3477 599 3563 ,intempestive
622 3477 721 3545 Sosia
744 3477 938 3565 respondet,
962 3477 1021 3544 sed
1043 3478 1295 3565 prudentia

147 3585 310 3648 tantae
335 3584 603 3650 sententiae
627 3584 943 3669 compensavit
970 3583 1293 3670 importunita-

148 3727 176 3774 et
200 3721 269 3774 satis
289 3721 356 3774 miro
384 3722 507 3790 exemplo
535 3723 704 3776 Chremetem
730 3721 850 3776 ostendit
869 3721 995 3791 Pythiam
1020 3720 1133 3776 credere
1152 3727 1292 3786 mutatam,

151 3815 296 3878 postquam
316 3811 375 3879 ipse
394 3817 515 3865 mutatus
534 3819 584 3866 est.
622 3813 683 3865 Vox
696 3820 841 3880 γνωμικῶς
860 3812 929 3865 bene
949 3811 1102 3865 sententiae
1121 3816 1197 3880 apta,
1217 3810 1293 3866 enine

147 3915 213 3953 usus
232 3901 325 3954 statim
345 3901 469 3970 exempla
489 3901 647 3955 afferentur.

239 3993 265 4057 1)
285 3991 438 4058 Numquam
458 3992 585 4059 defuisse,
606 3992 653 4060 qui
672 3976 705 4045 nd
725 3991 853 4059 Euripidi
873 3989 981 4059 quidem
1000 4007 1055 4044 non
1073 3991 1142 4045 satis
1162 3989 1293 4058 facerent,

148 4077 252 4133 videbis
272 4079 373 4134 collato
393 4098 415 4134 e.
436 4099 461 4149 g.
481 4080 585 4134 scholio
610 4081 693 4150 Hipp.
719 4083 779 4147 385,
810 4079 886 4133 cuius
915 4080 1033 4134 elocutio
1053 4079 1161 4149 etipsa
1180 4094 1295 4134 amoena

147 4174 189 4223 cst
208 4185 240 4222 ac
258 4169 358 4238 lepida.
386 4170 501 4224 Omnino
521 4176 612 4224 autem
625 4169 768 4239 Hippolyti
781 4176 979 4224 commentator
996 4171 1106 4238 penitus
1119 4176 1293 4240 perspectum

148 4257 232 4312 hahet
251 4258 392 4329 Euripidis
410 4261 560 4328 ingenium,
579 4259 619 4313 ita
637 4266 668 4313 ut
687 4275 813 4327 magnam
831 4259 1000 4327 voluptatem
1025 4260 1080 4313 iam
1098 4260 1293 4315 commentario

149 4346 265 4416 legendo
284 4350 475 4418 percipiamus.
