2946 4734
646 194 686 260 39

146 369 224 448 ἅλις,
246 360 274 433 ὦ
293 372 398 453 βιοτά·
423 382 557 452 πέραινε
599 379 677 453 πρίν
698 396 771 435 τινα
793 379 969 453 συντυχίαν

144 467 166 556 ἤ
185 470 377 534 κτεάτεσσιν
400 474 487 549 ε’μοῐς
509 469 531 553 ἢ
553 471 680 552 σάματι
701 473 785 533 τάδε
806 478 971 551 γενέσθαι.

81 574 112 632 et
135 569 268 650 Creoplr.
292 570 347 647 frg.
371 572 448 634 452:
479 571 575 652 ἐχρῆν
596 572 658 650 γάρ
682 570 765 656 ἡμᾶς
787 569 941 651 σύλλογον
962 584 1172 653 ποιουμένους

143 667 201 728 τόν
222 665 329 746 φύντα
350 672 494 749 θρηνεῖν,
517 667 561 742 εἰς
582 665 632 733 do’
655 671 783 750 ἔρχεται
804 671 897 748 κακά,

142 765 200 827 τάν
222 765 251 827 δ’
273 755 315 830 αὖ
338 764 487 827 θανόντα
508 767 561 828 καὶ
585 767 696 830 πόνοιο
718 779 932 848 πεπαυμένον

142 868 313 945 χαίροντας
335 864 561 947 εὐφημοῦντας
583 868 764 947 ἐκπέμπειν
784 867 904 948 δόμων.

81 980 178 1061 Soph.
202 979 279 1044 Oed.
302 980 367 1045 Col.
385 982 464 1045 1670
478 1003 544 1064 sqq.
569 984 729 1065 Antigone
743 985 946 1049 vehementer
963 984 1141 1065 complorat
1161 1004 1245 1047 mor-

83 1081 149 1142 tem
199 1081 319 1160 patriS,
373 1083 430 1145 sed
468 1086 579 1163 postca
623 1085 809 1148 moderatur
859 1084 978 1159 dolori,
1029 1083 1242 1147 desideratam

79 1182 217 1242 mortem
236 1198 301 1242 non
322 1201 390 1244 esse
411 1181 532 1245 tristem
548 1202 679 1246 censens
702 1187 733 1247 et
755 1184 899 1264 cogitans
920 1182 1077 1263 Oedipum
1102 1202 1168 1263 qua
1190 1202 1244 1246 cu-

79 1276 174 1357 pierit
197 1279 320 1358 hospita
345 1279 378 1342 in
405 1283 489 1344 terra
518 1302 585 1345 csse
617 1284 775 1346 mortuum
806 1287 837 1347 et
858 1282 1063 1364 perpulcrum
1090 1284 1241 1364 adeptum

80 1377 259 1457 sepulcmm
294 1398 398 1461 neque
428 1380 541 1445 obiisse
577 1382 760 1446 indetletum
799 1382 897 1463 (quod
927 1382 1020 1446 simul
1049 1385 1171 1463 spectat
1202 1383 1244 1446 ad

80 1495 146 1570 arg.
166 1476 191 1538 V
213 1478 252 1541 de
274 1477 412 1559 funere);

85 1608 178 1672 1076:
208 1598 248 1681 οἷς
269 1611 377 1692 ἔχρῃζε
398 1612 455 1690 χάς
477 1609 534 1672 ἐπὶ
557 1613 650 1685 ξένας

143 1709 254 1770 ἔθανε·
275 1712 386 1770 κοίταν
409 1708 438 1770 δ’
460 1710 525 1788 ἔχει

141 1812 260 1887 νέρθεν
282 1805 477 1871 εὐσκίαστον
499 1806 570 1870 αιέν

139 1904 216 1967 οὐδὲ
237 1911 363 1979 πένθος
384 1905 467 1968 ἔλιπ’
488 1901 682 1970 ἄκλαυστον.

77 2021 183 2099 Quam
205 2023 247 2086 ob
268 2040 335 2085 rem
355 2025 387 2086 et
402 2022 517 2088 chorus
540 2029 570 2088 et
588 2024 729 2088 Theseus
750 2045 820 2090 eam
837 2027 1049 2091 adhortantur
1063 2033 1099 2093 ut
1116 2030 1240 2093 desinat

76 2122 161 2186 flere.

159 2240 391 2320 Argumentum
421 2260 549 2322 quoque
570 2240 620 2315 IV,
648 2242 822 2306 memoriae
847 2243 957 2319 decus,
985 2243 1095 2323 tragici
1124 2250 1238 2325 poetae

78 2338 263 2402 consolandi
290 2339 396 2419 gratia
424 2343 591 2404 ostentant.
636 2340 811 2420 Aeschylus
841 2342 923 2405 eninr
947 2340 1045 2423 (Sept.
1062 2344 1133 2426 397)
1165 2346 1241 2411 dicit

76 2438 108 2501 in
135 2439 240 2521 prima
272 2442 338 2502 acie
363 2440 497 2504 interfici
520 2440 684 2518 gloriosius
719 2461 786 2505 esse
815 2461 913 2523 quam
946 2443 1081 2523 turpiter
1110 2447 1238 2509 servari.

76 2538 197 2603 Eodem
220 2538 317 2602 modo
344 2540 432 2620 apud
454 2539 636 2621 Euripidem
658 2539 764 2621 (Hipp.
785 2542 864 2604 1410
885 2539 966 2623 sqq)
1003 2543 1105 2607 Diana
1127 2566 1239 2609 conso·

75 2639 161 2702 latur
181 2637 387 2720 Hippolytum
412 2639 699 2719 patris-iracundia
728 2641 887 2721 perditum
910 2641 1086 2708 honoribus
1108 2666 1188 2727 quos
1212 2649 1237 2711 ei

74 2758 109 2802 se
137 2738 357 2819 praebituram
383 2759 450 2802 esse
478 2739 652 2820 pollicetur.
706 2740 802 2820 Soph.
833 2742 908 2804 Ant.
936 2742 995 2805 816
1023 2764 1091 2825 sqq.
1123 2745 1238 2810 chorus

75 2836 256 2901 consolatur
275 2837 468 2918 Antigonen,
498 2859 580 2920 quae
607 2838 650 2902 ad
678 2840 867 2921 supplicium
892 2840 1027 2918 ducitur,
1056 2863 1128 2907 cum
1153 2843 1238 2908 dicat

75 2936 207 3018 gloriam
232 2937 298 3001 eius
319 2958 386 3003 esse
409 2959 593 3003 mansuram
615 2939 811 3022 liberamque
837 2961 907 3006 eam
938 2943 1028 3005 morti
1051 2942 1161 3005 datum
1185 2943 1238 3005 iri:

137 3051 252 3114 ου’κοῦν
273 3054 379 3137 κλεινή
399 3056 452 3117 καὶ
475 3058 609 3118 ἔπαινον
632 3056 738 3134 ἔχουσ’

138 3154 169 3224 ἐς
190 3152 258 3215 τόδ’
279 3154 416 3234 άπέρχει
437 3157 557 3227 κεῦθος
580 3156 699 3216 νεκύων

134 3244 211 3314 οὔτε
231 3254 392 3333 φθινάσιν
414 3254 572 3336 πλιμεῑσα
596 3252 703 3326 νόσοις

137 3346 214 3414 orire
237 3355 356 3434 ξιφέων
378 3353 525 3431 ἐπίχειρα
548 3352 690 3431 luxorio}

139 3450 208 3514 ἄλλ’
229 3449 418 3530 αὐτονόμος,
442 3453 537 3528 ζῶσα,
559 3451 643 3533 μόνη
661 3451 703 3533 δι)

142 3552 277 3612 θνατῶν
299 3550 404 3613 Ἀΐδαν
425 3551 614 3631 καταβάσει.

79 3669 112 3731 et
133 3666 277 3748 sequitur
298 3667 471 3730 consolatio
492 3687 549 3748 per
570 3667 716 3748 exempla
738 3670 770 3729 et
781 3665 897 3730 Niobes
919 3663 1107 3745 (aaa-833)
1131 3670 1162 3727 et
1178 3665 1239 3726 Da-

78 3786 157 3832 naes
180 3766 254 3848 (944
269 3764 351 3848 sqq.)
375 3767 462 3848 quod
482 3770 529 3832 est
551 3786 616 3847 arg.
636 3765 671 3830 ll.

158 3899 257 3980 Apud
285 3897 466 3979 Euripidem
497 3900 611 3964 deinde
639 3901 672 3963 in
697 3900 762 3980 lph.
785 3898 856 3961 Aul.
888 3898 964 3965 1338
985 3917 1053 3977 sqq.
1077 3896 1241 3977 iphigenia

75 4009 135 4079 psa
159 4002 296 4062 matrem
320 3998 502 4063 consolatur
529 3999 589 4063 sic:
622 4000 655 4063 in
685 4019 736 4063 me
763 3997 859 4062 totius
880 3995 1031 4060 Graeciae
1061 3995 1140 4059 oculi
1165 4000 1238 4060 sunt
