2946 4734
633 330 840 395 ..29-

183 506 260 561 oar.
280 507 332 560 aa.
352 505 362 556 1
381 502 432 557 sor
502 476 509 487 ’

370 589 459 643 forma
477 587 550 640 viros
569 588 691 644 neclecta
709 590 794 647 decet.

155 678 300 770 Denique
321 685 552 749 philostratum
576 682 684 760 adeas,
707 688 794 767 apud
817 709 912 770 quem
934 691 1075 757 invenies
1096 714 1145 777 ep.
1164 697 1251 761 XXII
1281 699 1319 762 τὸ

150 788 178 848 δ’
209 782 399 865 α’κόσμητόν
431 782 565 865 άληθῶς
594 781 695 844 καλόν
723 790 754 850 et
775 788 871 869 imag.
895 790 920 852 ΙΙ
943 793 1008 869 7‚5
1037 795 1088 854 καὶ
1119 794 1138 875 ᾖ
1167 796 1244 880 δέρη
1274 801 1321 862 ἔτι

149 887 248 971 ’ἡδίων
271 884 337 945 ὑπὸ
360 886 418 944 τοῦ
440 883 486 966 μή
509 886 747 966 κεκοσμῆσθαι.
789 887 899 967 Adde,
928 893 1014 972 quod
1039 893 1069 957 in
1092 895 1316 963 Romanorum

149 986 244 1065 elegis
266 983 422 1065 imprimis
445 982 599 1062 incompti
622 987 653 1046 et
674 984 742 1049 sine
757 992 826 1050 arte
845 989 981 1054 fluentes
1002 993 1106 1073 capilli
1122 994 1315 1063 laudantur:

148 1085 263 1149 Tibull.
285 1083 326 1146 lll
351 1082 379 1159 ΘΔ,
400 1082 435 1145 11
460 1102 523 1163 sq.;
557 1081 651 1164 Prop.
677 1085 703 1147 ll
734 1088 836 1163 3,13;
869 1089 907 1152 lll
934 1092 963 1167 6,
985 1099 1020 1172 9;
1054 1092 1147 1158 Ovid.
1175 1117 1276 1164 amor,
1303 1101 1316 1163 l

149 1187 177 1262 7,
202 1185 242 1344 12¹
246 1182 370 1345 haggi
391 1182 513 1246 heroid.
535 1181 575 1244 lV
598 1183 637 1245 77
658 1204 723 1265 sq.;
745 1186 867 1251 heroid.
888 1190 917 1252 X
940 1192 1015 1265 137;
1037 1199 1095 1258 art.
1118 1195 1158 1259 ΙΙΙ
1180 1198 1315 1281 153sq.;

149 1288 208 1346 art.
354 1330 360 1344 .

231 1388 386 1467 Quamvis
407 1387 422 1451 f
426 1387 575 1451 eminis
598 1392 779 1456 cavendum
798 1394 837 1458 sit
861 1415 881 1459 a
901 1396 1001 1462 nimio
1018 1400 1115 1475 cultu,
1138 1405 1247 1468 tamen
1270 1405 1316 1469 eis

149 1489 321 1570 saepius
353 1486 570 1565 suadetur,
604 1493 646 1553 ut
677 1493 887 1558 munditia
919 1517 995 1562 sua
1026 1500 1197 1566 iuvenes
1227 1505 1317 1568 alli·

150 1592 275 1653 ciant}
318 1586 423 1663 Quam
442 1605 509 1648 reni
533 1587 649 1652 mirum
669 1591 700 1654 in
723 1592 855 1657 modum
877 1596 994 1662 Plauto
1017 1619 1089 1663 cum
1106 1601 1221 1667 Ovidio
1243 1623 1319 1668 con-

151 1690 259 1753 venire
281 1689 437 1751 videmus.
480 1685 635 1752 Conieras
657 1691 737 1756 haec
760 1697 923 1777 exempla:

183 1795 272 1848 Plaut.
289 1792 401 1846 Poenul.
419 1791 471 1844 245
480 1807 538 1859 sqq.

436 1875 504 1930 item
522 1892 571 1930 nos
589 1894 680 1931 sumus

367 1964 484 2018 insulsae
502 1963 650 2018 admodum
669 1969 753 2034 atque
771 1966 933 2023 invenustae
987 2017 991 2023 ,

439 2049 498 2103 aine
517 2050 653 2105 munditia
671 2055 699 2107 et
718 2058 810 2124 sumpt
830 2096 836 2108 .

185 2145 274 2199 Plaut.
296 2144 380 2198 Stich.
400 2145 499 2212 ltdsq

235 2229 375 2299 nimioque
393 2229 445 2283 sibi
462 2229 560 2284 mulier
579 2229 708 2283 meretrix
726 2231 848 2300 repperit
866 2232 959 2286 odium
978 2233 1052 2288 ocius

233 2335 282 2370 sua
299 2315 484 2383 immunditia,
503 2334 586 2384 quam
605 2315 635 2368 in
654 2322 817 2386 perpetuum
836 2322 868 2373 ut
884 2320 992 2389 plaaeat
1004 2320 1148 2376 'munditia
1165 2339 1221 2376 sua.

187 2411 273 2465 Plaut.
294 2410 462 2465 Menaechm.
482 2409 533 2462 354

368 2494 506 2551 munditia
524 2493 661 2549 inlecebra
679 2494 799 2549 animost
817 2497 981 2550 amantium.

184 2590 260 2644 Ovid.
280 2592 331 2643 art.
351 2588 432 2642 1513

369 2670 505 2726 munditie
523 2672 651 2742 placeant

183 2767 259 2821 Ovid.
278 2770 329 2822 art.
349 2766 387 2819 Ill
410 2766 460 2819 133
469 2784 508 2834 sq.

370 2857 513 2912 munditiis
528 2857 665 2927 capimur:
689 2874 745 2910 non
764 2857 820 2911 sint
838 2857 896 2932 sine
912 2859 972 2928 lege
991 2859 1096 2929 capilli;

422 2944 550 2999 admotae
568 2944 686 2998 formam
703 2943 826 3012 dantque
844 2947 1003 3013 negantque
1024 2963 1127 2999 manus.

184 3036 261 3090 Ovid.
281 3036 382 3092 remed.
404 3037 454 3090 342

370 3122 520 3177 auferimur
538 3122 613 3175 cultu

185 3214 262 3267 cvra.
282 3197 383 3269 meria
397 3216 448 3269 ac.
472 3215 505 3268 aa
560 3246 562 3250 ι

371 3300 509 3355 munditia
527 3299 642 3353 crimina
663 3297 739 3349 nulla
757 3298 870 3349 merent.

150 3396 194 3458 Er
212 3397 442 3477 posterioribus
459 3396 655 3460 Graecorum
673 3391 881 3473 scriptoribus
896 3391 1135 3454 similitudinem
1153 3389 1319 3471 quandam

150 3496 289 3559 ostendit
312 3498 534 3560 Aristaenetus
555 3496 587 3557 in
610 3492 745 3574 epistula
765 3491 778 3554 Ι
800 3491 838 3554 27
874 3491 928 3551 καὶ
951 3487 1049 3552 τοῦτό
1071 3492 1185 3570 ysaaci
1207 3492 1321 3568 ἔρωτος
1421 3551 1423 3555 ,

152 3594 236 3656 ἴδιον
257 3596 311 3656 καὶ
333 3593 424 3675 μάλα
445 3604 556 3676 μέντοι
578 3592 686 3670 καλόν,
711 3592 750 3654 τό
780 3588 913 3671 σφόδρα
936 3594 1070 3652 πείθειν
1087 3590 1160 3660 τούς
1182 3590 1322 3668 ἐρῶντας

151 3693 310 3768 ἐπιμελῶς
340 3693 425 3775 ἄγαν
454 3697 729 3772 disrumperetur,
762 3692 814 3753 ani
847 3689 1057 3771 sinodusque
1080 3691 1222 3769 ἀτεχνῶς
1245 3689 1316 3750 ἑαυ-

153 3796 218 3850 τῶν
241 3795 451 3872 κατημέλουν,

234 3915 345 3997 Neque
373 3938 449 3980 vero
479 3916 620 3997 corporis
650 3914 855 3996 pulchritudo
881 3917 913 3976 et
943 3913 1100 3977 munditia
1123 3911 1322 3975 satisfaciunt

151 4016 193 4078 ad
214 4035 357 4078 amorem
379 4016 626 4091 conciliandum,
650 4014 708 4077 nisi
726 4014 768 4078 ad
786 4014 921 4077 formam
940 4014 1059 4076 bonam
1078 4012 1174 4075 etiam
1192 4009 1321 4091 ingenui

151 4117 184 4176 et
217 4114 418 4178 liberales
452 4134 583 4178 mores
615 4115 783 4177 accedunt.
836 4114 917 4176 Eece
957 4114 1073 4176 iterum
1105 4111 1191 4174 illam
1223 4110 1319 4187 viam,
