2946 4734
623 203 664 275 35

63 394 210 471 Quorum
234 390 424 472 gaudiorum
453 394 487 453 ut
509 391 614 456 Thero
640 411 767 475 quoque
785 394 942 476 particeps
965 395 1037 473 frat,
1067 398 1230 476 postremo

63 493 222 557 Pindarus
241 496 339 573 optat.

146 592 272 674 Optime
289 593 384 672 igitur
404 594 545 656 omnium
569 598 738 675 poetarum
760 615 946 675 graecorum
972 597 1131 664 Pindarus
1153 619 1228 664 con-

63 695 184 758 solatus
206 699 251 757 est
273 713 334 766 eos
357 693 411 773 qui
426 693 691 773 proprinquorum
707 700 843 759 mortem
857 696 1019 778 lugebant,
1041 718 1115 762 cum
1128 700 1227 762 vitam

64 795 241 858 ostenderet
264 793 382 855 laetam
405 812 442 854 ac
465 794 592 856 beatam
616 797 687 874 post
709 795 810 876 ipsam
832 800 969 861 mortem
992 798 1135 862 homines
1156 819 1229 880 pro-

64 897 122 958 bos
144 895 266 974 degere.

449 1185 483 1249 C.
509 1186 664 1250 Poetae
682 1188 844 1269 tragici.

145 1318 264 1382 Deinde
285 1319 316 1381 in
341 1318 532 1383 Graecornm
556 1319 734 1399 tragoediis,
760 1340 824 1383 non
846 1322 942 1384 modo
963 1321 995 1385 in
1016 1322 1161 1403 partibus
1184 1323 1228 1405 ly-

61 1420 144 1496 ricis,
158 1439 266 1482 verum
284 1420 377 1481 ctiam
394 1421 424 1481 in
441 1419 565 1499 dialogo
578 1420 739 1500 permulta
751 1419 898 1501 leguntur
912 1422 1068 1500 lugubria,
1090 1443 1228 1505 quorum
1345 1441 1347 1446 ’

60 1519 215 1583 nonnulla
228 1523 374 1599 spectant
389 1519 431 1582 ad
447 1518 711 1582 lamentationem
725 1519 900 1584 funebrem.
930 1523 1035 1603 Atque
1050 1523 1112 1586 iam
1128 1523 1228 1586 latum

61 1620 149 1682 bunc
171 1623 356 1699 poematum
375 1638 524 1699 campum
548 1619 796 1698 peragrabimus.

147 1716 264 1781 Omnes
281 1717 447 1781 defunctos
466 1737 485 1780 a
506 1717 693 1800 propinquis
710 1716 917 1782 vehementer
934 1721 1122 1802 complorati
1139 1724 1227 1788 Euri-

62 1818 153 1900 pides
172 1818 246 1880 dicit
265 1819 296 1881 in
320 1818 437 1885 Phrixo
460 1816 530 1899 (lrg.
554 1819 609 1880 831
637 1818 686 1880 ed.
707 1817 849 1893 Nauckl:

124 1935 178 1995 καὶ
200 1934 259 2014 γάρ
282 1942 408 2017 πέφυκε
430 1933 516 1996 τοῦτ’
536 1934 572 1995 ἐν
592 1931 775 2014 ἀνθρώπου
798 1920 905 2015 priori·

122 2029 164 2114 ἢν
185 2032 238 2094 καὶ
260 2033 333 2116 δίκῃ
355 2031 487 2115 θνῄσκῃ
507 2055 562 2110 τις,
585 2031 645 2110 οὐχ
665 2020 772 2117 ἧσσον
793 2036 901 2095 ποθεῖ

123 2135 190 2204 πᾶς
211 2156 257 2206 τις
279 2130 429 2212 δακρύειν
451 2132 526 2204 τούς
547 2129 769 2214 προσήκοντας
788 2132 908 2215 φίλους.
916 2132 937 2215 ¹)

59 2249 302 2313 Lamentatione
313 2250 401 2313 leniri
414 2249 555 2312 dolorem
570 2249 645 2313 dicit
658 2249 691 2312 in
703 2248 867 2313 Oenomao
884 2249 952 2332 (lrg.
960 2251 1020 2314 577
1031 2251 1080 2314 ed.
1089 2248 1223 2330 Nauckl:

123 2365 193 2428 ἄλλ’
214 2367 284 2428 ἔστι
305 2365 365 2445 γάρ
385 2364 427 2451 δν)
448 2365 510 2426 κᾶν
529 2369 676 2429 κακοῖσιν
696 2363 797 2448 ἡδονή

123 2468 268 2546 θνητοῖς,
291 2463 438 2545 ὀδυρμοὶ,
461 2463 609 2546 δακρύων
630 2464 659 2526 ν’
680 2464 838 2545 ἐπιρροαί·

123 2561 302 2646 ἀλγηδόνας
324 2563 486 2625 δὲταῦτα
507 2566 650 2645 κουφίζει
671 2566 807 2646 φρενῶν,

119 2662 174 2724 καὶ
196 2663 329 2743 καρδίας
349 2663 443 2726 ἔλυσε
464 2663 541 2736 τούς
562 2660 645 2743 ἄγαν
666 2662 795 2736 πόνονς.

59 2777 209 2843 Ceterum
237 2779 330 2842 valde
352 2780 451 2843 miror
479 2780 565 2862 quod
596 2780 683 2860 apud
710 2779 847 2843 eundem
868 2779 1047 2860 Euripidem
1079 2778 1110 2840 in
1137 2776 1223 2839 initio

59 2877 191 2942 Medeae
214 2877 255 2960 (v.
276 2879 449 2956 trra-205)
471 2879 577 2942 nutrix
597 2879 803 2960 conqueritur
824 2881 1003 2959 poetarum,
1025 2894 1220 2959 quamquam

60 2977 115 3041 alii
135 2977 173 3040 de
196 2976 264 3041 aliis
287 2979 382 3041 rebus
398 2979 540 3041 carmina
556 2978 808 3058 conscripserint,
830 2976 939 3041 tamen
954 2979 1113 3040 nerninem
1130 2997 1222 3059 prae·

59 3079 135 3142 bere
156 3097 320 3141 musarum
342 3078 463 3141 donum
485 3078 528 3140 ad
547 3076 728 3140 leniendum
754 3077 894 3140 dolorem
918 3095 1038 3153 eorum,
1065 3077 1118 3157 qui
1149 3096 1222 3156 pro-

58 3177 253 3259 pinquorum
275 3180 409 3240 mortem
432 3177 571 3258 lugeant.
616 3177 699 3239 Sane
722 3177 858 3239 dubitari
880 3175 1005 3257 nequit,
1035 3175 1110 3256 quin
1135 3175 1222 3239 Euri-

61 3277 127 3358 pidi
158 3276 275 3357 cogniti
304 3276 419 3339 luerint
448 3276 619 3340 Simonidis
650 3280 681 3339 et
705 3276 836 3339 Pindari
866 3275 969 3339 threni
1003 3294 1100 3355 supra
1126 3275 1222 3338 citati.

60 3376 166 3453 Quam
189 3377 230 3438 ob
250 3395 316 3439 rem
340 3377 399 3438 isto
418 3376 488 3439 loco
510 3376 616 3439 nescio
633 3395 712 3438 num
728 3375 893 3456 Euripides
910 3395 972 3437 non
990 3378 1058 3437 tam
1079 3374 1222 3438 carmina

57 3474 137 3555 ipsa,
159 3494 256 3556 quam
281 3475 457 3538 carminum
481 3476 627 3539 ellectum
649 3474 845 3549 intellexerit,
877 3477 908 3537 et
935 3493 1045 3536 sensus
1075 3475 1123 3542 sit,
1153 3493 1222 3536 car·

57 3574 197 3638 minibus
228 3573 371 3638 dolorem
399 3594 463 3638 non
494 3595 586 3655 posse
612 3574 701 3636 vinci.
746 3573 851 3652 Quam
879 3572 1096 3635 difficultatem
1126 3592 1220 3634 nemo

57 3673 166 3755 quoad
198 3672 261 3736 vidi
289 3674 457 3737 doctorum
485 3674 597 3754 attigit.
654 3673 828 3754 Pergamus
857 3691 943 3735 vero.
994 3671 1032 3734 ut
1058 3671 1221 3750 permultis

56 3772 186 3854 quidem
209 3771 285 3836 locis
306 3775 420 3853 poetae
441 3773 553 3854 tragici
581 3772 739 3836 obsistunt
766 3770 1046 3834 lamentationibus
1072 3770 1220 3849 querulis,

56 3891 140 3953 quas
166 3870 246 3934 nihil
278 3871 388 3935 iuvare
417 3874 589 3936 ostendunt
617 3870 684 3936 aliis
719 3890 848 3952 quoque
878 3867 1040 3932 sententiis
1075 3867 1219 3931 inductis.

129 4035 154 4104 1)
173 4034 206 4089 cf.
227 4035 324 4089 Troad.
349 4036 397 4089 119
417 4053 475 4104 sqq.
496 4038 524 4090 ct
543 4035 643 4101 conlo.

1086 4147 1117 4200 3*
