2946 4734
599 300 640 307 --
688 267 817 329 37..

125 441 205 504 ricis
230 441 410 506 adiunctus
434 442 489 524 sit,
519 442 751 525 assentiamur,
788 448 901 506 tamen
926 465 987 506 nec
1012 464 1175 506 canonem
1200 442 1295 505 illum

124 580 186 620 nec
210 557 410 621 Ruhnkenii
433 562 476 641 (p.
500 558 599 622 XCV
622 559 643 622 l.
666 557 701 629 l.)
726 558 963 621 historicorum
988 558 1187 642 scriptorum
1215 556 1294 642 hep-

124 672 237 734 tadem
272 695 408 757 prorsus
444 673 619 757 ficticiam,
656 673 866 738 Herodotum
907 673 1143 755 Thucydidem
1178 674 1294 737 Xeno-

124 787 286 871 phontem
313 789 567 875 Theopompum
584 790 759 875 Ephorum
778 788 1026 853 Anaximenem
1051 789 1294 853 Callisthenem

125 906 355 968 continentem
393 905 433 968 ab
467 907 534 970 ullo
570 928 730 990 umquam
765 912 900 970 auctore
925 905 1064 988 antiquo
1089 904 1159 968 reri
1183 905 1295 988 specie

125 1019 356 1084 confirmatam
382 1020 700 1105 comprobatumque
739 1021 901 1086 videmus.
949 1021 978 1083 E
1009 1020 1175 1084 contrario
1203 1020 1296 1084 nulla

125 1136 301 1199 consensio
326 1135 367 1199 de
391 1136 453 1200 hac
476 1159 512 1200 re
536 1159 595 1221 per
620 1137 857 1221 antiquitatem
891 1125 1074 1218 invenitur,
1112 1157 1187 1199 cum
1213 1135 1295 1199 alios

124 1251 230 1314 aliie
266 1252 428 1336 cuiusque
452 1252 611 1336 opinione
641 1252 849 1336 libidineque
886 1252 1031 1336 optimos
1066 1273 1179 1315 rerum
1215 1252 1294 1315 seri-

124 1374 237 1450 ptores
269 1367 419 1431 laudent.
466 1369 517 1432 Ne
557 1368 617 1432 hos
656 1368 841 1453 permultos
879 1369 969 1431 locos
1009 1366 1156 1450 afferam,
1196 1367 1295 1431 modo

124 1483 351 1566 saepissima)
376 1483 584 1549 Herodotum
622 1482 857 1568 Thucydidem
890 1482 1154 1566 Xenophontem
1191 1483 1294 1547 Phili·

126 1604 215 1662 stum
258 1620 276 1661 a
316 1598 556 1663 diversissimis
593 1598 785 1663 auctoribus
824 1598 992 1662 nominari
1028 1621 1295 1663 commemorem.

13 1724 15 1729 '
127 1714 203 1796 Sed,
229 1720 267 1778 ut
290 1721 452 1797 repetam,
476 1737 585 1799 neque
610 1715 699 1800 apud
713 1717 859 1778 Graecos
879 1737 988 1798 neque
1012 1713 1101 1799 apud
1125 1716 1296 1779 Romanos

125 1829 361 1894 historicorum
398 1831 599 1915 scriptorum
642 1852 803 1895 canonem
839 1830 946 1894 ullum
985 1852 1028 1893 ne
1067 1830 1296 1914 aliquantulae

124 1945 262 2030 quidem
286 1946 496 2011 auctoritatis
519 1947 625 2011 tuisse
643 1954 759 2010 cont-ra
775 1946 953 2010 nonnullos
976 1945 1066 2009 viros
1084 1945 1295 2010 doctissimos

125 2061 301 2126 contendo.
322 2097 361 2105 -
379 2063 454 2127 Non
472 2063 581 2146 magis
600 2085 723 2144 eorum,
743 2061 800 2146 qui
817 2061 858 2125 de
874 2061 973 2125 rebus
990 2061 1031 2125 ad
1051 2053 1297 2144 γεωγραφίαν
1416 2069 1419 2076 ’

125 2177 374 2261 pertinentibus
391 2180 607 2262 scripserunt,
634 2178 803 2260 catalogos
820 2177 857 2241 in
881 2177 1084 2261 antiquitate
1107 2177 1295 2243 valuerunt.

124 2292 191 2357 Sed
215 2293 273 2357 ubi
298 2294 463 2358 eiusmodi
499 2294 639 2375 indices,
677 2294 734 2378 qui
769 2316 838 2358 non
873 2293 999 2357 nullius
1035 2293 1200 2357 momenti
1224 2315 1296 2356 esse

128 2409 214 2472 mihi
237 2409 408 2493 videntur,
445 2411 670 2492 inveniamus
707 2409 857 2474 breviter
892 2409 1052 2473 adnotare
1080 2408 1164 2473 mihi
1187 2408 1295 2472 liceat.

124 2526 263 2589 Praeter
291 2525 351 2589 hos
376 2526 552 2591 Strabonis
581 2527 670 2590 locos
684 2527 715 2607 (1
730 2529 758 2608 1,
775 2529 800 2590 1,
828 2526 890 2608 11,
907 2529 957 2590 11.
982 2525 1041 2608 12,
1058 2529 1086 2589 1.
1109 2524 1195 2588 VIII
1210 2528 1238 2606 l,
1254 2524 1295 2605 1),

125 2641 247 2724 quibus
282 2642 470 2727 geographi
504 2642 541 2706 in
576 2643 773 2706 universum
803 2643 951 2706 Homero
988 2663 1103 2705 eorum
1137 2646 1233 2724 patre
1263 2647 1297 2704 et

124 2756 278 2840 principe
318 2757 549 2840 nominantur,
594 2757 795 2840 singillatim
834 2748 911 2830 τούς
950 2750 1027 2839 περὶ
1066 2755 1124 2840 τῆς
1161 2745 1296 2839 Ἰνδικῆς

126 2863 316 2953 γράψαντας
341 2873 462 2937 Strabo
486 2872 575 2937 idem
600 2873 635 2936 H
661 2876 689 2955 1,
714 2875 746 2952 9ς
784 2874 853 2937 XV
879 2876 907 2956 1,
936 2876 975 2937 12
1000 2878 1184 2954 enumerat,
1220 2894 1296 2935 cum

126 2987 232 3051 altero
267 2989 340 3052 loco
376 2995 535 3073 quattuor
568 2989 620 3053 his
646 2987 831 3052 Deimacho
855 2987 1070 3072 Megastheni
1106 2986 1296 3051 Onesicrito

125 3104 277 3167 Nearcho
302 3104 450 3168 Ctesiam
475 3104 610 3169 adiciat.
658 3105 761 3168 Porro
786 3104 967 3187 scriptores
998 3102 1039 3165 de
1063 3101 1297 3186 pyramidibus

127 3218 258 3282 Plinius
282 3220 444 3285 XXXVI
471 3224 508 3286 17
545 3220 661 3283 laudat
696 3226 730 3282 et
766 3242 833 3302 eoa,
871 3219 928 3303 qui
965 3219 1005 3282 de
1035 3217 1133 3282 rebus
1158 3218 1296 3301 Aegyp-

125 3334 223 3397 tiacis
262 3336 405 3420 aliisque
444 3336 572 3420 aliquid
615 3336 712 3399 nobis
756 3335 983 3415 tradiderunt,
1031 3332 1120 3415 apud
1158 3328 1247 3413 Pan
1271 3371 1296 3375 -

129 3449 331 3533 Symeonem
355 3452 581 3534 Logothetam
616 3451 666 3532 (iu
692 3451 837 3515 chronic.
864 3473 881 3513 e
906 3450 976 3514 eod.
1000 3449 1085 3532 Reg.
1111 3449 1184 3513 Par.
1212 3453 1296 3514 1712

126 3565 196 3644 (fol.
214 3569 256 3629 23
282 3567 332 3630 ed.
358 3589 377 3629 a
395 3566 553 3630 Cramero
569 3563 707 3650 ‚,AGP“
732 3568 750 3629 I
773 3572 886 3630 annot.
901 3589 933 3649 p.
949 3565 1090 3645 14—15)
1107 3565 1292 3650 appellatos

128 3687 227 3764 atque
252 3705 270 3744 a
295 3683 443 3765 Georgio
466 3682 618 3746 Cedreno
643 3682 808 3765 (OHByz.
834 3704 866 3766 p.
892 3685 944 3763 23,
970 3681 1111 3758 11-16)
1135 3681 1296 3764 repetitos

125 3795 292 3860 videmus.
340 3798 448 3873 Quam
472 3820 700 3881 magnavero
725 3797 914 3862 interillos
939 3796 1200 3878 consensussit,
1232 3795 1297 3858 hoc

127 3912 225 3975 modo
249 3912 448 3997 planissime
473 3913 664 3978 ostendam:

237 4194 259 4255 ll
279 4198 310 4245 ut
328 4210 371 4261 ap.
391 4192 506 4260 Dionys
527 4192 591 4245 Hal.
621 4193 649 4244 in
668 4210 709 4262 cp.
738 4192 773 4245 1111
793 4192 889 4260 Pomp.
908 4209 930 4244 c.
951 4194 966 4243 3
986 4189 1101 4259 patilla
1124 4194 1150 4241 et
1177 4188 1211 4240 116
1229 4189 1296 4241 imit.

125 4280 305 4333 lar-raam
326 4313 359 4320 -
380 4282 405 4347 2)
425 4281 458 4334 cl.
479 4281 596 4334 Krumb.
617 4281 724 4335 (11111112
742 4287 756 4350 ξ
778 4284 835 4333 1111.
