2946 4734
571 271 885 338 -31-’

96 477 194 538 quam
220 452 438 547 Quintilanus
474 453 522 531 (X
542 455 569 532 l,
587 452 730 530 (tr-64)
766 459 899 536 praeter
934 452 1129 535 Pindarum,
1166 451 1264 536 quern

96 592 216 634 novem
241 570 425 653 lyricorum
451 568 553 652 longe
570 568 760 652 principem
777 568 915 650 iudicat,
940 568 982 632 de
999 568 1107 632 tribus
1123 575 1266 650 tantum,

96 685 288 750 Stesichoro
309 683 435 749 Alcaeo
458 682 643 764 Simonide,
670 683 772 746 verba
795 684 888 765 facit,
914 692 1028 747 tamen
1053 706 1071 746 a
1094 706 1174 747 vero
1198 706 1266 748 uon

95 801 333 882 aberrabimus,
356 801 384 863 si
401 801 467 863 iarn
486 799 698 875 Quintiliano
714 821 836 863 novem
855 799 941 881 illos,
966 800 1155 863 Alcaeum
1173 800 1265 862 Alc-

95 941 208 980 mana
230 916 526 980 Anacreontem
552 914 838 998 Bacchylidem
858 915 1022 999 Ibycum
1047 915 1264 979 Pindarum

96 1033 347 1118 Sapphonem
378 1031 627 1096 Simonidem
652 1030 926 1095 Stesichorum
960 1053 1110 1095 normam
1135 1031 1266 1095 firmam

94 1150 198 1212 luisse
222 1156 390 1233 putamus
431 1147 558 1211 Contra
582 1168 663 1211 vero
680 1146 884 1210 sententiam
904 1146 1057 1229 Steffeni,
1074 1148 1131 1232 qui
1150 1151 1192 1230 (p.
1211 1149 1265 1225 36)

95 1287 113 1327 e
134 1263 186 1327 his
211 1264 347 1328 Petroni
384 1265 458 1341 (sat.
476 1286 503 1326 c.
522 1263 554 1340 2)
580 1262 692 1326 verbis
718 1261 906 1344 „Pindarus
931 1285 1119 1347 novemque
1142 1261 1264 1346 lyrici“

96 1391 269 1464 poetarum
304 1379 487 1462 lyricorum
524 1378 684 1442 decadem
720 1378 872 1442 efficiens
900 1379 991 1442 inter
1015 1378 1264 1455 Quintilianum

96 1504 130 1559 et
145 1495 353 1575 Petronium,
379 1495 437 1579 qui
461 1496 617 1579 aequales
642 1502 763 1576 assent,
790 1517 990 1558 consensum
1008 1517 1076 1558 non
1093 1495 1264 1559 exstitisse

94 1612 280 1694 contendit,
302 1621 428 1675 rectam
446 1633 517 1675 esse
535 1634 610 1674 cum
627 1611 778 1674 Brzoska
802 1614 845 1694 (p.
864 1613 906 1675 48
924 1611 1000 1675 adn.
1019 1609 1047 1690 l)
1064 1633 1163 1695 nego,
1189 1634 1263 1675 cum

93 1727 178 1790 mihi
215 1750 347 1812 quoque
383 1727 441 1791 illa
464 1727 604 1791 Petroni
640 1726 743 1791 verba
777 1727 864 1789 nihil
901 1725 993 1790 aliud
1018 1728 1085 1792 nisi
1120 1719 1159 1803 ,oi
1186 1722 1264 1810 περὶ

94 1836 260 1926 Πίνδαρον
285 1837 374 1902 ἐννέα
398 1836 534 1925 lucraci‘
560 1865 633 1906 esse
656 1841 847 1906 videantur.
894 1843 999 1908 Porro
1023 1850 1057 1907 et
1073 1841 1265 1928 anonymi¹)

94 1962 282 2044 catalogue,
328 1982 392 2044 quo
436 1965 510 2024 octo
563 1966 695 2023 tantum
744 1952 870 2040 λυρικοὶ
919 1958 1098 2043 Sapphoue
1142 1960 1264 2024 omissa

94 2077 265 2158 leguntur,
290 2076 467 2140 novenarii
490 2075 624 2139 numeri
647 2075 722 2139 usui
744 2097 787 2138 m.
811 2097 864 2158 qu.
891 2082 976 2138 sent.
1002 2097 1069 2139 non
1085 2084 1263 2160 repugnat.

92 2193 250 2255 Fortasse
275 2192 376 2274 euim,
402 2200 441 2255 ut
465 2191 614 2255 Brzoslra
637 2191 658 2255 l.
684 2191 705 2254 l.
731 2198 848 2254 contra
872 2190 1061 2256 Steffenum
1084 2213 1145 2276 pro
1170 2200 1262 2256 certo

93 2307 222 2390 habuit,
266 2331 343 2371 casu
382 2308 526 2393 quodam
567 2307 757 2391 Sapphonis
803 2328 927 2370 nomen
966 2308 1161 2391 neglectum
1201 2315 1262 2389 est,

92 2425 234 2486 fortasse
263 2446 342 2487 vero
372 2447 389 2485 e
418 2423 631 2507 grammatici
660 2422 758 2486 istius
783 2422 925 2486 libidine
950 2422 1016 2486 viri
1040 2423 1102 2486 soli
1127 2447 1262 2488 enume-

92 2545 219 2622 rantur,
245 2539 438 2603 excluditur
454 2540 607 2604 consulto
630 2538 769 2604 femina.
816 2538 883 2602 Sed
898 2545 1013 2603 utrum
1030 2539 1263 2604 OLachmann

93 2655 226 2718 Horatii
252 2678 368 2720 versus
393 2655 460 2734 (od.
476 2655 494 2718 Ι
512 2658 541 2737 1,
559 2656 684 2731 35.36):

414 2783 525 2854 „quodsi
545 2801 588 2836 mc
606 2784 697 2853 lyricis
716 2785 825 2839 vatibus
845 2786 952 2849 inseres,

412 2873 523 2926 sublimi
543 2874 639 2927 feriam
658 2874 747 2927 sidera
765 2875 880 2928 vertice“

94 3000 127 3055 et
139 2993 383 3078 Porphyrionis
396 2994 595 3058 scholiastae
611 2994 675 3072 (ed.
690 2995 845 3078 GMeyer
857 2992 997 3073 (rainl
1010 2995 1263 3058 adnotationem

94 3110 127 3172 in
154 3109 229 3172 illos
253 3111 376 3174 iactam
398 3110 557 3193 ,Graecis
574 3111 693 3194 utique
718 3110 990 3193 intelligendum.
1016 3133 1094 3174 nam
1111 3111 1261 3174 noudum

94 3231 189 3288 erant
213 3221 377 3290 Romani“
404 3233 495 3290 recte
512 3227 753 3310 interpretatus
778 3227 823 3290 sit
846 3248 963 3304 necne,
990 3227 1170 3291 decernere
1193 3249 1261 3291 non

93 3341 211 3404 ausim.
259 3341 455 3406 Lachmann
480 3337 589 3423 ver02)
613 3342 695 3406 haec
720 3343 819 3407 dixit:
852 3343 919 3426 „sic
947 3344 1004 3406 ille
1028 3345 1169 3407 Flaccus
1194 3366 1262 3408 mo·

94 3555 256 3630 Il'dpwvav);
289 3561 436 3614 Diomcd.
469 3580 490 3613 s.
514 3561 666 3630 Melanip.
695 3560 796 3614 schol.
824 3560 841 3613 l.
861 3562 878 3614 l.
902 3580 928 3631 p.
949 3565 997 3614 aa]
1024 3562 1140 3632 (λυρικοὶ
1165 3568 1208 3615 καὶ
1235 3569 1263 3616 οἶ

92 3645 277 3721 πραττόμενοι
298 3653 375 3702 ἐννέα
394 3651 458 3718 (An.
471 3651 559 3703 Alcm.
571 3651 647 3703 Alea.
659 3651 689 3702 B.
701 3651 724 3702 l.
735 3651 765 3703 P.
778 3651 817 3704 St.
830 3651 867 3705 Si.
879 3652 923 3705 Sa.
939 3657 984 3703 καὶ
1000 3646 1100 3717 δεκάτη
1115 3647 1260 3722 Κόρνννα);

93 3738 157 3790 tat.
169 3739 199 3790 M
209 3740 271 3803 §VI
281 3765 315 3784 =
326 3740 390 3792 tat.
402 3741 423 3792 O
433 3743 447 3804 ξ
458 3740 533 3792 ΧΙΙΙ
546 3739 644 3805 (Alcnr.
655 3741 730 3792 Alca.
743 3740 787 3793 Sa.
800 3739 838 3797 St,
851 3741 881 3793 P.
893 3741 923 3797 B.
935 3741 958 3792 I.
969 3741 1021 3793 iln.
1034 3740 1092 3808 Si).
1104 3773 1136 3779 —
1149 3743 1259 3811 Antip.

92 3828 201 3879 Thess.
216 3829 266 3880 ΑΡ
280 3829 338 3882 Vll
356 3831 389 3881 IS
400 3823 542 3900 (Ἀλκμᾶνα
557 3869 563 3881 .
580 3870 585 3881 .
600 3870 606 3881 .
623 3823 654 3880 iiv
668 3833 807 3881 Μουσέων
821 3829 887 3882 ἐννέ’
902 3823 1023 3899 ἀριθμὸς
1037 3830 1118 3898 ilar),
1138 3831 1259 3883 huson.

92 3917 192 3985 epigr.
203 3917 234 3968 in
245 3918 413 3970 sirnulacr.
426 3917 544 3987 Sapph.
556 3936 581 3986 p.
593 3920 644 3970 204
656 3917 710 3972 Sch
721 3918 844 3988 (Sappho
899 3913 977 3983 ἐνάτη
988 3919 1126 3988 norwich
1139 3919 1161 3970 h
1170 3937 1258 3972 nson.

91 4005 179 4074 gniph.
199 4016 246 4058 tor.
267 4025 332 4059 nurn
362 4025 386 4059 r.
403 4009 507 4060 alr-:33
527 4025 553 4076 p.
571 4010 622 4060 ruo
642 4007 696 4060 Sch
716 4007 804 4075 (lyrici
829 4014 902 4060 ratos
922 4024 1035 4058 munero
1055 4013 1118 4058 erint
1137 4008 1260 4059 Mnemo-

91 4116 244 4179 synarurn);
265 4112 355 4166 Suid.
370 4115 386 4170 i,
401 4132 425 4166 r.
435 4109 553 4184 Ἀλκμάν
573 4109 623 4183 (A,
637 4112 675 4172 el}
687 4113 741 4166 τῶν
752 4102 841 4177 <.<i‘>
852 4113 985 4184 λυρικῶν).
1013 4144 1043 4152 -
1067 4113 1091 4181 l)
1112 4113 1137 4164 in
1158 4113 1259 4176 „lexico

92 4201 228 4254 Vindolf‘
249 4202 281 4254 cd
301 4203 425 4256 ANauck
446 4202 538 4273 (1861)
558 4205 618 4256 321.
649 4235 680 4242 -
710 4204 737 4272 ⁴2)
758 4204 786 4255 in
812 4203 935 4266 „Lucret
958 4201 1260 4272 con1111.“³(rsoo)358

91 4290 145 4356 [VI
166 4290 236 4359 148).
