2946 4734
701 244 742 311 10
795 218 797 223 “

148 418 185 482 et
216 418 428 500 φροντίζοντι
462 415 538 500 περὶ
569 427 627 502 τῆς
659 421 830 502 βασιλείας
859 420 946 506 (437,
976 422 1051 503 427,
1082 421 1169 508 373).
1213 423 1296 515 Ideo

146 522 270 586 metuit
292 524 338 605 μή
361 522 402 587 οὐ
426 525 564 606 χρόνιον
586 514 608 608 ᾗ
630 525 668 588 τὸ
700 523 863 608 Ὀρέστου
890 528 1022 610 νόσημα
1050 525 1105 592 καί
1136 529 1297 596 δυσίατον

147 624 253 713 (401),
308 623 388 691 οὐδὲ
433 628 470 692 τὸ
515 627 571 692 διά
617 633 792 706 κολακείας
831 642 942 696 πείσαι
984 629 1136 718 Argivos
1180 630 1298 700 Oresli

146 730 318 816 ὑπέσχετο,
352 730 435 797 ἀλλὰ
468 729 523 796 καί
555 743 653 799 τοῦτο
688 732 724 798 ἐν
758 733 942 822 ἀμφιβολία
972 736 1101 821 άφηκεν
1131 736 1218 822 (693,
1253 737 1296 805 ef.
1379 744 1382 748 ’

147 837 250 903 etiam
274 835 361 920 643).
408 837 447 900 In
470 836 664 904 universum
686 838 796 923 igitur
817 840 949 906 ὕπουλα
972 842 1079 907 πάντα
1104 843 1145 908 τά
1168 843 1296 927 ρηματα
1360 844 1364 849 ’

149 941 326 1007 Μενελάου
356 948 391 1008 et
423 941 511 1025 λέγει
541 942 577 1008 ἐν
600 944 786 1027 ὑποκρίσει,
817 944 858 1010 οὐ
882 949 1014 1032 σπουδῇ
1036 951 1072 1013 el
1097 947 1160 1025 ἕως
1180 948 1298 1027 πίλους

147 1048 362 1131 ὑποκρίνεται
393 1047 480 1134 (371,
504 1048 579 1129 488,
605 1047 713 1134 1550).
759 1049 936 1115 Interdum
971 1055 1083 1118 autem
1120 1053 1218 1140 quasi
1247 1052 1296 1120 in-

147 1152 240 1218 vitus
264 1154 394 1235 γυμνὸν
417 1151 605 1218 ἐνδείκνυσι
628 1155 666 1218 τὸ
689 1148 775 1237 ἦθος
797 1154 884 1238 (413,
907 1154 994 1242 437).

234 1274 418 1341 Orestes
455 1275 682 1359 ἐνθουσιάζει,
726 1280 876 1360 μαίνεται
914 1279 1008 1365 (257,
1047 1280 1142 1368 268),
1187 1303 1296 1369 paene

148 1373 306 1463 ἀπείρηκε
322 1389 362 1465 τῇ
377 1383 467 1468 νάσῳ
484 1380 582 1466 (286),
608 1383 687 1464 μετὰ
703 1385 765 1466 την
780 1389 903 1466 μανίαν
926 1385 945 1468 ἡ
970 1388 1083 1452 ἔννοια
1098 1399 1165 1452 τῶν
1185 1399 1297 1453 κακῶν

148 1485 250 1551 αὐτὸν
276 1485 411 1568 δαμάζει
435 1485 525 1571 (396)
549 1488 585 1552 et
607 1499 762 1569 μετανοεῖ
783 1488 911 1554 ἀνελὼν
934 1494 1078 1557 matrem
1093 1492 1191 1577 (392),
1216 1514 1297 1559 sane

147 1592 274 1658 affeetu
309 1592 500 1677 superatus.
546 1591 627 1657 Ideo
667 1594 769 1658 etiam
806 1595 908 1660 miser
936 1618 999 1682 pen
1039 1596 1202 1664 Helenam
1239 1599 1297 1664 ob-

146 1700 299 1763 testatur
321 1696 520 1778 Menelaum,
556 1696 644 1783 quod
675 1698 943 1784 indignissimum
973 1701 1046 1788 ipse
1076 1704 1179 1789 putat
1208 1702 1296 1786 (671,

147 1800 233 1887 672).
280 1801 328 1866 Et
350 1801 422 1887 ipse
447 1801 628 1866 seeundum
650 1802 858 1889 hypothesin
881 1810 1011 1887 φαῦλος
1033 1810 1096 1873 esd.

233 1924 286 1990 De
308 1923 492 2010 Pylade,
517 1925 575 2011 qni
597 1925 688 1991 solus
710 1949 779 1992 non
802 1932 931 2009 φαῦλος
954 1932 1006 1994 est
1029 1930 1211 1997 secundm
1232 1931 1297 2018 hy·

146 2029 315 2117 pothesin,
340 2029 543 2095 eonferenda
566 2029 681 2096 scholl.
728 2031 789 2095 771
815 2034 850 2096 el
874 2032 945 2097 779.

234 2153 287 2218 De
310 2152 542 2238 Tyndareo
574 2157 690 2219 exstat
720 2153 823 2220 schol.
868 2154 943 2220 470.
990 2155 1148 2222 Ceterum
1177 2153 1298 2221 valent

146 2260 253 2324 verba
275 2259 377 2323 ὑπόθ.
401 2260 523 2334 πάντες
545 2263 678 2342 φαῦλοι.

234 2381 382 2446 Medea
406 2385 458 2447 est
480 2381 607 2446 femina
629 2393 699 2457 τοῖς
714 2385 827 2465 λόγοις
842 2382 1114 2467 καταθελγομένη
1129 2381 1184 2447 καὶ
1199 2406 1298 2448 κατα-

147 2487 371 2570 γοητευομέυη
395 2509 509 2552 eorum
532 2487 589 2573 qui
612 2487 755 2553 audiunt
777 2488 884 2573 (349);
917 2488 958 2555 οὐ
987 2490 1069 2553 κατά
1098 2491 1298 2572 προαίρεσιν

148 2590 237 2676 ὁρμά
261 2590 314 2655 ἐπὶ
329 2594 389 2657 τὸν
411 2594 531 2676 φόνον,
556 2591 638 2658 άλλά
662 2594 718 2657 διά
740 2595 778 2658 τὸ
800 2600 1080 2676 προτεθυμῆσθαι
1103 2593 1297 2676 ἀμύνασθαι

148 2699 207 2762 τὸν
226 2697 374 2775 Ἰάσονα,
399 2697 522 2783 quippe
546 2720 630 2783 quae
655 2698 701 2763 sit
724 2700 976 2764 δεινοπαθοῦσα
992 2699 1078 2784 (899,
1096 2698 1191 2779 1055,
1207 2696 1296 2784 256).

147 2802 270 2887 Itaque
311 2802 515 2886 ε’ννοουμένη
553 2806 612 2868 τὸν
652 2803 691 2867 δι’
729 2802 831 2886 αὐτῆς
872 2802 1034 2887 ἐσόμενον
1075 2815 1146 2880 τοῖς
1179 2800 1297 2868 παισὶν

148 2909 249 2990 αὑτῆς
280 2907 429 2972 θάνατον
459 2908 657 2991 ε’στύγναζεν
690 2908 811 2993 (1009).
858 2907 923 2975 Sed
960 2911 1074 2974 lamen
1103 2910 1163 2972 τὸν
1195 2908 1297 2991 ὑπερ·

148 3013 314 3096 βάλλοντα
338 3015 450 3095 θυμὸν
474 3012 513 3076 ὃν
541 3015 607 3097 ἔχει
631 3014 711 3077 κατὰ
734 3023 794 3077 τοῦ
813 3012 959 3088 Ἰάσονος
982 3035 1020 3078 eo
1044 3015 1209 3098 praestat,
1246 3011 1296 3076 ὅτι

147 3121 265 3199 καίπερ
289 3119 510 3199 προσδοκῶσα
533 3120 691 3200 μειζόνως
714 3122 983 3200 λυπηθήσεσθαι,
1018 3117 1106 3200 ὅμως
1128 3115 1212 3201 ὑπὲρ
1235 3126 1297 3183 τοῦ

149 3227 293 3304 λυπῆσαι
317 3225 376 3286 τὸν
395 3221 526 3287 Ἰάσονα
555 3224 694 3307 αίρείται
717 3222 842 3287 liberos
866 3244 986 3287 necare
1010 3222 1130 3308 (1046),
1165 3224 1200 3288 et
1222 3243 1298 3288 cum

148 3326 245 3392 medo
275 3326 461 3392 liberorum
490 3349 593 3410 amor,
624 3326 721 3392 mode
746 3326 877 3392 Iasonis
910 3327 1020 3392 odium
1048 3326 1164 3393 vineat
1187 3326 1296 3413 (1049,

150 3432 251 3513 1013,
284 3432 385 3514 1048,
419 3432 532 3516 1055),
563 3441 732 3519 postremo
767 3433 854 3520 ὅρκῳ
886 3434 1143 3518 φρικωδεστάτην
1176 3431 1297 3516 ἑαυτὴν

148 3540 438 3619 κατακλείειπρὸς
471 3541 509 3603 τὸ
532 3536 637 3620 μηδὲν
669 3537 783 3619 ἕτερον
813 3537 832 3620 η’
857 3540 916 3601 τὸν
950 3540 1059 3620 φόνον
1094 3536 1126 3614 ἐξ
1152 3537 1297 3613 ἅπαντος

150 3644 269 3724 δρᾶσαι
294 3641 416 3725 (1059).
464 3640 531 3708 Sed
563 3642 715 3728 quamvis
740 3643 811 3725 ὠμη
840 3647 1011 3728 postremo
1041 3644 1140 3706 necet
1170 3640 1297 3707 liberos

151 3747 250 3829 (922),
267 3750 381 3812 lamen
396 3748 536 3831 εὐμενής
553 3757 605 3812 est
621 3747 711 3832 (823)
728 3751 764 3812 el
781 3749 916 3829 δακρύει
935 3746 1084 3828 άλγοῦσα
1100 3748 1161 3829 τὴν
1175 3749 1296 3830 ψυχήν,

149 3852 238 3938 quod
262 3852 347 3917 talia
369 3873 470 3938 passa
500 3852 586 3917 talia
617 3852 730 3917 faeere
754 3856 897 3937 cogatur
921 3853 1006 3936 (903,
1031 3850 1117 3936 899),
1152 3852 1188 3917 el
1215 3873 1296 3935 προ-

149 3957 304 4038 οδύρεται
328 3960 387 4021 τὸν
410 3970 476 4022 τῶν
500 3960 630 4022 παίδων
652 3961 762 4041 φόνον
784 3958 903 4042 (1016).
949 3956 1068 4023 Jasoni
1091 3958 1206 4022 autem
1229 3955 1298 4022 odii

149 4063 251 4149 plena
274 4064 424 4144 λοιδορεῖ
445 4064 645 4146 θυμουμένη
669 4062 769 4147 (466),
805 4062 865 4127 sed
887 4061 1083 4147 plerumque
1117 4062 1297 4145 ὑποκρινο-

149 4167 232 4251 μίνη
255 4167 462 4232 amarissime
478 4169 728 4250 αἰνιγματωδῶς
744 4170 779 4232 et
797 4167 931 4250 άσημως
946 4167 1099 4253 loquitur
1116 4167 1203 4252 (872,
1222 4166 1296 4248 967,

150 4273 223 4355 968,
257 4274 350 4354 1016,
382 4272 476 4353 1021,
508 4272 601 4354 1132,
632 4274 699 4352 ὑπ,
724 4272 797 4353 324,
822 4271 908 4357 922),
939 4274 1022 4337 ὥστε
1053 4274 1175 4354 διπλῆν
1209 4273 1299 4356 ἔχειν
