2946 4734
700 204 743 269 45

148 378 331 464 fingendas.
378 375 456 444 Scil.
480 400 554 444 cum
584 377 702 444 fabula
731 379 798 445 iam
829 372 983 465 procedit
1014 382 1051 445 et
1080 378 1147 444 iam
1173 378 1293 446 funda-

150 487 299 550 mentum
321 483 419 570 quasi
440 483 566 550 iactum
590 487 652 566 est,
677 483 819 550 nonita
842 482 980 549 difficile
1002 486 1056 550 est
1079 485 1222 570 assequi,
1254 490 1294 550 ut

148 596 302 665 πιθανῶς
330 591 366 654 et
389 588 569 654 secundum
591 591 750 655 naturam
772 587 951 654 humanam
983 610 1019 654 se
1044 592 1168 675 gerant
1191 592 1294 676 atque

149 695 333 781 loquantur
355 714 518 781 personae
542 697 578 760 et
599 696 714 759 tamen
735 697 857 780 poetae
880 694 1055 780 proposito
1080 693 1295 760 satisfaciant

148 799 250 886 idque
288 820 326 864 eo
365 797 480 880 modo,
512 802 552 865 ut
583 802 791 886 spectatores
830 821 873 864 ne
905 798 1056 865 sentiant
1086 798 1219 885 quidem
1250 796 1294 864 ad

149 907 280 972 certum
312 905 526 992 propositum
556 926 628 970 rem
652 903 809 988 tendere3
848 903 907 970 sed
936 903 1037 971 valde
1071 904 1208 971 difficile
1231 906 1294 986 est,

149 1030 223 1075 oum
245 1008 281 1073 in
303 1008 402 1074 initio
425 1007 561 1088 fabulae
585 1011 640 1074 est
661 1030 806 1083 necesse,
838 1011 878 1075 ut
907 1009 1051 1074 omnium
1083 1030 1196 1074 rerum
1219 1008 1294 1074 fun·

150 1113 342 1180 (lamentum
364 1113 520 1196 iaciatur,
545 1114 616 1179 scil.
641 1113 826 1180 doceantur
851 1116 1072 1200 spectatores,
1097 1114 1294 1200 quaefacta

149 1220 286 1286 fabulae
319 1223 553 1306 argumentum
586 1219 848 1300 antecesserint,
883 1241 969 1306 quae
1004 1224 1040 1285 et
1073 1219 1188 1307 quales
1220 1242 1294 1306 per·

151 1347 253 1393 sonae
276 1328 379 1391 antea
401 1323 545 1410 egerint,
576 1346 662 1411 quae
692 1347 779 1390 nunc
810 1328 948 1390 acturae
983 1325 1061 1406 sint,
1097 1325 1138 1392 de
1167 1347 1235 1412 qua
1256 1348 1295 1392 re

152 1431 284 1498 omnino
307 1433 433 1517 agatur
457 1438 531 1513 eto,
563 1451 671 1517 neque
693 1429 729 1495 id
757 1428 927 1496 narrando
952 1429 1051 1496 sede
1075 1453 1296 1518 personarum

149 1536 299 1603 moribus
338 1534 479 1622 agendo.
536 1534 585 1600 Et
621 1534 663 1600 de
699 1534 762 1601 hac
799 1536 991 1621 argumenti
1028 1536 1239 1623 expositione
1277 1558 1295 1603 e

150 1663 371 1728 personarum
407 1641 556 1706 moribus
600 1640 777 1706 efficienda
789 1640 817 1726 ¹)
854 1641 998 1727 optimas
1041 1642 1294 1709 observationes

150 1747 317 1833 praebent
340 1745 466 1812 scholia
478 1745 520 1830 2);
544 1746 627 1810 Ant.
648 1747 709 1811 155
732 1749 913 1828 παρατηρει
937 1745 987 1810 ὅτι
1010 1747 1117 1830 πάντη
1133 1745 1295 1830 ἐπιμελῶς

153 1855 335 1934 διαγίνεται
367 1853 508 1934 δηλῶν
538 1851 639 1934 ἡμῖν
669 1853 715 1915 τὰ
745 1850 968 1934 πράγματα
990 1851 1008 1916 ὁ
1031 1856 1180 1934 ποιητής,
1212 1854 1294 1918 ὥστε

151 1956 317 2039 ἐσπάρθαι
339 1954 402 2040 μὲν
417 1956 500 2021 αὐτὰ
514 1954 571 2034 καὶ,
586 1963 809 2039 παρακεῖσθαι
824 1955 948 2037 ἑτέροις
963 1958 1165 2039 προσώποις,
1189 1958 1295 2022 πάντα
1387 1942 1388 1947 ¹

152 2059 188 2126 ot
222 2062 420 2143 δηλοῦσθαι,
453 2062 519 2127 An.
543 2060 650 2148 praef.
674 2062 755 2127 112
790 2062 884 2142 ,scire
916 2060 1073 2128 debemus
1106 2061 1191 2128 banc
1221 2082 1295 2128 esse

151 2165 317 2232 virtutem
346 2165 522 2253 poeticam,
553 2174 591 2232 ut
622 2187 643 2231 a
672 2166 862 2232 novissimis
893 2167 1088 2253 argumenti
1115 2167 1215 2232 rebus
1245 2165 1294 2231 in-

153 2269 280 2356 cipiens
304 2270 439 2337 initium
461 2272 597 2338 fabulae
621 2278 656 2337 et
674 2271 839 2356 originem
861 2271 1036 2336 narrative
1057 2269 1180 2336 reddat
1204 2291 1295 2356 speo-

153 2376 352 2456 tatoribus,
377 2416 419 2423 -
442 2376 518 2443 Tro.
543 2378 585 2443 36
608 2379 746 2461 άμεινον
769 2373 810 2460 ἦν
834 2376 912 2441 άπὸ
935 2388 1018 2441 τῶν
1042 2375 1297 2459 πραγμάτων

153 2482 515 2565 παρεισάγεσθαι,
547 2481 757 2566 ὀδυρομένην
787 2483 826 2547 τὰ
849 2484 1007 2564 παρόντα.
1041 2482 1147 2557 οὕτως
1169 2482 1232 2564 γάρ
1255 2483 1297 2546 aiv

154 2586 364 2676 ἡτραγῳδία
385 2591 423 2653 τὸ
446 2589 557 2664 πάθος
579 2584 653 2671 εἶχε,
685 2598 750 2653 νῦν
782 2585 818 2652 δὲ
849 2599 1018 2672 ψυχρῶς
1048 2596 1100 2673 τῷ
1131 2586 1296 2672 θεάτρῳ

153 2693 534 2777 προσδιαλέγεται,
567 2693 662 2758 Eum.
698 2694 741 2757 47
772 2693 788 2776 ἡ
818 2695 983 2776 πρύφητις
1100 2691 1299 2786 άπρούπτως

156 2799 275 2863 ἰδοῦσα
290 2799 348 2875 τὰς
359 2799 513 2882 Ἐρινύας
528 2800 639 2884 κύκλῳ
655 2808 715 2864 τοῦ
728 2797 883 2880 Ὀρέστου
904 2798 1139 2873 καθευδούσας
1162 2798 1296 2860 πάντα

152 2904 307 2986 μηνύει
339 2915 431 2980 τοϊς
458 2911 653 2983 θεαταῖς,
685 2902 759 2987 οὐχ
783 2903 835 2978 ὡς
859 2901 1125 2985 διηγουμένη
1148 2903 1194 2965 τά
1217 2902 1297 2965 ὑπὸ

153 3009 229 3091 τὴν
252 3011 412 3092 σκηνὴν
435 3008 574 3094 (τοῦτο
598 3009 674 3090 γάρ
698 3009 960 3090 νεωτερικὸν
987 3004 1296 3090 Εὐριπίδειον),

153 3114 234 3178 ὑπὸ
266 3112 309 3178 δὲ
347 3124 419 3198 της
456 3113 696 3196 ἐκπλήξεως
733 3114 780 3176 τά
817 3115 1126 3195 θορυβήσαντκ
1164 3112 1298 3193 αὐτὴν

153 3219 488 3301 καταμηνύουσα
534 3216 816 3301 φιλοτέχνως,
861 3217 948 3282 Don.
986 3215 1067 3281 Hac.
1106 3215 1189 3279 97.1
1238 3214 1295 3296 ,ad

153 3327 453 3408 argumentum
484 3344 594 3388 nunc
624 3321 854 3387 descendit
883 3325 924 3387 ut
946 3321 981 3385 in
1003 3319 1206 3385 Phormione
1230 3320 1297 3404 (57)

157 3427 235 3510 ,sed
257 3425 337 3513 quid
361 3432 399 3493 tu
423 3450 457 3494 es
480 3426 651 3509 tristist“,
682 3426 846 3514 praelatis
878 3426 1008 3492 scilicet
1037 3425 1296 3491 allocutionibus

243 3567 269 3634 1)
289 3567 340 3620 Rei
359 3567 454 3622 melius
474 3567 679 3635 cognoscendae
707 3584 790 3621 causa
814 3583 903 3634 pauca
928 3567 1033 3620 scholia
1058 3584 1111 3619 non
1131 3565 1243 3634 proprie
1262 3564 1297 3618 ad

154 3670 243 3709 mores
262 3653 310 3709 aad
329 3672 352 3710 e.
372 3673 396 3724 g.
416 3656 604 3711 adactionem
624 3657 790 3725 pertinentia
808 3655 938 3709 adbibere
958 3656 1058 3709 licebit.

242 3745 271 3814 2)
291 3743 526 3815 Trendelenburgi
557 3747 691 3814 collectio,
722 3747 750 3798 in
781 3761 835 3811 qua
866 3745 923 3799 fere
955 3745 1045 3798 omnia
1076 3745 1155 3797 buius
1188 3745 1296 3811 generis

155 3834 260 3888 scholia
279 3834 385 3889 Graeca
404 3835 512 3904 quidem
532 3836 662 3902 invenies
681 3837 760 3889 nobis
779 3852 834 3887 non
853 3837 967 3888 multum
986 3835 1108 3903 prodest,
1128 3851 1187 3886 cum
1206 3836 1297 3902 negle-

154 3922 226 3976 xerit
245 3922 292 3977 Tr.
309 3921 478 3993 distinguere
498 3942 567 3993 quae
587 3925 622 3978 ad
641 3942 729 3979 mores
749 3925 888 3993 pertinent
907 3925 1012 3977 scholia
1030 3926 1064 3978 ab
1085 3925 1132 3990 cis,
1152 3925 1179 3976 in
1199 3925 1296 3990 quibus

154 4013 320 4080 generaliter
349 4014 472 4082 singulae
500 4032 624 4083 quaeque
652 4017 806 4083 argumenti
831 4023 924 4084 partes
948 4031 964 4068 a
988 4021 1070 4082 poeta
1095 4014 1296 4082 spectatoribus

154 4103 296 4172 expositae
324 4110 451 4158 enotatas
479 4111 549 4160 sunt,
588 4107 690 4159 Tamen
718 4122 751 4160 ea
778 4106 883 4159 scholia
908 4120 978 4171 quae
1002 4102 1037 4157 ad
1063 4120 1151 4157 mores
1171 4108 1297 4170 spectant

154 4192 235 4263 longe
253 4193 415 4262 gramina
434 4201 497 4248 sunt
516 4194 552 4248 ad
571 4203 669 4263 poetae
697 4202 784 4249 artem
814 4192 1037 4262 cognoscendam.
1075 4193 1165 4259 Quare
1192 4193 1297 4245 scholia

153 4283 252 4338 iterum
272 4283 431 4339 exscribam.
