2946 4734
731 241 751 304 2

97 472 101 479 .
151 422 220 485 loco
250 440 344 500 agam
377 420 416 482 de
436 419 653 483 consolatione
676 419 717 482 ad
742 418 861 482 Liviam
892 417 1080 500 duabusque
1109 422 1214 502 elegiis
1237 442 1319 505 quae

148 525 223 584 sunt
245 523 283 584 de
306 520 394 584 obitu
414 519 616 596 Maecenatis,
646 524 714 582 tum
748 519 899 581 disseram
925 520 964 582 (le
993 523 1104 584 ceteris
1123 522 1316 587 Graecorum

151 625 181 685 et
202 622 419 685 Rornanorum
443 619 636 683 carminibus
653 619 878 694 consolatoriis,
902 620 986 682 unde
1009 623 1079 682 orta
1102 621 1164 685 sint
1183 626 1215 686 et
1238 643 1318 704 quo-

151 721 247 783 modo
270 721 403 797 exculta,
436 739 500 783 non
521 719 693 799 neglegens
716 719 988 799 comparationem
1012 739 1084 782 cum
1108 721 1143 783 iis
1173 721 1318 786 consola-

152 821 291 885 tionibus
320 840 403 901 quae
428 839 523 901 prosa
546 821 689 882 oratione
719 821 794 881 sunt
823 820 1020 899 conscriptae
1050 820 1093 883 ita
1119 823 1154 883 ut
1176 812 1320 903 symbola

154 921 243 1002 quasi
259 922 338 985 haec
353 920 449 983 videri
469 919 566 1000 possit
578 920 619 982 ad
637 919 799 982 historiam
818 938 943 981 morum
963 921 1177 1000 antiquorum.
1208 921 1319 1004 Neque

153 1040 228 1083 vero
240 1020 323 1083 hanc
340 1019 556 1101 quaestionem
572 1018 718 1100 incipiam
736 1019 851 1081 inscius
862 1018 986 1081 illarum
1006 1018 1321 1103 difficultatuquuae

152 1120 229 1184 milri
259 1118 433 1182 obstabunt
464 1118 542 1180 duas
569 1118 706 1180 maxime
729 1117 769 1180 ob
797 1137 926 1191 causas,
957 1136 995 1180 ac
1023 1117 1160 1198 primum
1192 1121 1320 1201 quictem

153 1219 228 1301 quia
251 1220 389 1281 maxima
411 1237 485 1298 pars
508 1236 618 1298 poesos
645 1216 757 1298 lyricae
775 1216 969 1279 Graecorum
994 1215 1085 1278 nobis
1101 1236 1165 1279 non
1189 1222 1234 1281 est
1248 1224 1321 1309 ³tra·

155 1320 220 1382 dita
241 1319 297 1381 nisi
313 1315 498 1397 fragmentis
513 1315 611 1377 immo
630 1334 706 1377 vero
724 1317 971 1394 fragmentorum
991 1314 1184 1393 fragmentis,
1207 1316 1320 1382 deinde

156 1420 231 1500 quia
254 1418 319 1480 fieri
341 1436 405 1480 non
426 1416 542 1498 poterit
564 1416 640 1497 quin
665 1416 873 1478 excutientem
897 1435 947 1477 me
972 1435 1009 1478 ea
1032 1435 1114 1497 quae
1136 1417 1228 1480 nobis
1250 1418 1321 1481 reli·

154 1521 293 1600 querunt
322 1521 435 1598 poetae
461 1516 548 1598 lyrici
572 1515 764 1580 Graecorum
795 1519 825 1578 et
846 1515 1085 1592 Romanorum,
1118 1519 1148 1578 et
1176 1535 1214 1579 ea
1241 1536 1323 1598 quae

155 1621 300 1699 spectant
329 1618 369 1679 ad
402 1616 631 1680 consolandum
655 1615 893 1696 conquirentem
925 1615 1026 1678 multa
1049 1619 1133 1678 certe
1154 1615 1322 1696 effugerint

158 1723 188 1781 et
206 1739 242 1782 ea
256 1720 386 1782 sortasse
401 1718 506 1797 magni
521 1717 683 1780 momenti.
719 1718 872 1779 Attamen
888 1735 970 1798 quae
992 1717 1133 1780 invenire
1152 1716 1228 1780 mihi
1246 1735 1322 1781 con·

155 1819 233 1899 tigit,
258 1819 368 1899 paucis
389 1819 451 1882 hoc
473 1818 543 1881 loco
564 1817 736 1898 explanare
760 1817 836 1880 mihi
858 1816 960 1880 liceat.
