2946 4734
721 217 760 280 aa

234 391 263 456 3.
285 391 411 459 Novum
434 398 542 459 autem
565 393 751 458 consolandi
766 396 1001 475 argumentum,
1026 391 1112 473 quod
1126 411 1261 456 numero
1277 392 1319 455 IV

148 492 270 570 notavi,
286 496 425 575 primurn
441 496 569 578 quidem
586 494 678 558 nobis
692 495 758 558 iam
771 497 937 558 occurerat
956 493 1045 574 apud
1060 492 1248 570 Homerum,
1264 494 1319 575 qui

150 588 307 656 Achillem
316 598 452 659 mortem
468 595 639 676 gloriosam
653 595 886 676 praeferentem
899 592 990 656 finxit
999 593 1083 656 vitae
1097 591 1201 669 inerti,
1212 593 1319 657 excul-

148 690 220 752 tum
236 696 284 756 est
298 714 317 756 a
329 693 477 776 Tyrtaeo,
492 695 581 759 cuius
592 694 624 758 in
635 695 740 775 elegiis
752 712 951 777 quamquam
958 711 1024 756 non
1034 692 1075 755 ad
1086 691 1317 757 consolandum

146 788 205 852 sed
224 793 267 855 ad
285 793 481 857 incitandam
503 793 827 858 Lacedaemoniorum
844 792 996 855 virtutem
1011 794 1087 856 sunt
1110 793 1318 874 conscriptae,

147 889 260 954 tamen
298 892 405 956 multis
444 892 519 956 locis
560 893 763 975 agnoscimus
797 897 1024 974 argumentum
1060 893 1318 958 consolatorium.

149 985 285 1072 Semper
302 991 387 1055 enirn
411 995 550 1056 ostentat
578 1012 786 1075 permagnam
816 991 950 1072 gloriam
973 1011 1073 1074 quam
1103 991 1321 1073 adipiscantur

152 1089 173 1152 ii
191 1089 245 1171 qui
256 1110 315 1171 pro
333 1091 439 1172 patria
456 1091 576 1157 sortiter
590 1092 778 1156 dimicantes
794 1091 910 1155 mortui
924 1091 997 1170 sint,
1013 1111 1187 1173 eorumque
1201 1112 1320 1156 nomen

151 1209 278 1270 semper
297 1190 420 1254 celebre
450 1192 514 1256 tore
544 1193 708 1273 praedicat
727 1191 814 1273 apud
836 1195 989 1272 posteros.
1032 1190 1103 1268 Quo
1130 1197 1319 1272 argumento

152 1308 218 1352 non
240 1291 337 1354 modo
358 1291 481 1356 animos
504 1293 712 1357 inflammavit
727 1293 768 1357 ad
785 1291 983 1372 certandum,
1006 1311 1119 1355 verum
1133 1292 1232 1356 etiam
1245 1298 1320 1374 apte

154 1390 335 1455 consolatus
350 1395 397 1456 est
411 1393 603 1473 superstites,
624 1393 742 1476 quippe
756 1392 872 1474 quibus
886 1392 957 1473 plus
972 1392 1037 1455 vita
1051 1391 1196 1456 valerent
1215 1392 1319 1457 honor

155 1490 187 1551 et
209 1488 316 1568 gloria.
359 1492 451 1557 Adeo
471 1492 533 1556 hoc
554 1511 650 1572 saepe
682 1491 814 1571 legimus
844 1492 873 1554 in
905 1488 1077 1572 elegiarum
1100 1490 1227 1573 Tyrtaei
1251 1493 1321 1556 reli-

154 1588 244 1668 quiis,
269 1593 304 1652 ut
323 1592 467 1657 sufficere
486 1592 565 1656 mihi
584 1592 730 1656 videatur
746 1591 810 1655 duo
832 1594 957 1655 tantum
974 1589 1119 1672 exempla
1138 1610 1197 1671 pro
1216 1592 1321 1656 multis

153 1686 263 1751 affere.
306 1689 378 1771 Frg.
403 1692 442 1755 10
463 1692 514 1756 ed.
535 1691 639 1772 Bergk
660 1711 710 1754 vv.
729 1691 868 1754 27-30:

445 1815 614 1871 -·νέοισι
635 1808 673 1869 rie
695 1805 794 1870 πάντ’
816 1807 971 1886 ἐπέοικεν,

258 1898 331 1987 ὄφρ’
355 1906 469 1989 ἐρατῆς
489 1903 570 1989 ἥβης
590 1905 712 1987 α’γλαόν
733 1903 839 1980 ἄνθος
861 1907 927 1989 ἔχῃ.

216 2003 358 2084 α’νόράσι
378 2009 441 2085 μὲν
462 2006 584 2088 θηητός
606 2004 699 2085 ι’ὀεῖν,
721 2007 833 2087 ἐρατός
854 2006 892 2068 δὲ
913 2009 1066 2085 γυναιξίν,

257 2103 333 2181 ζωός
352 2101 425 2183 ἐάν,
446 2104 542 2178 καλός
565 2105 631 2167 δ’έν
652 2103 853 2186 προμάχοισι
874 2101 996 2168 πεσών.

157 2202 215 2281 frg.
240 2204 286 2266 lu.
309 2223 359 2267 vv.
382 2205 519 2267 23-34:

215 2299 248 2374 ὃς
269 2301 298 2363 δ’
320 2292 393 2366 αὖτ’
413 2303 449 2365 ἐν
472 2301 671 2384 προμάχοισι
692 2303 810 2366 πεσιόν
833 2302 928 2385 φίλον
948 2298 1049 2365 ὤλεσε
1070 2302 1181 2383 θνμόν

255 2397 343 2464 ὀίστο
365 2426 401 2463 τε
422 2404 477 2465 καὶ
495 2403 593 2476 λαοός
610 2404 664 2465 καὶ
685 2402 800 2483 πατέρ’
821 2401 999 2480 εόκλεΐσας,

154 2503 203 2567 ⁶25.
216 2502 322 2565 molini
344 2501 400 2564 ὀιά
423 2510 568 2586 στέρνοιο
589 2503 643 2565 καὶ
663 2503 808 2575 άσπίδος
829 2501 1059 2584 ὀμφαλοέσσης

256 2603 310 2664 καὶ
333 2602 388 2664 ὀιά
410 2600 558 2686 θώρηκος
579 2603 733 2684 πρόσθεν
755 2601 957 2686 ἐληλαμένος,

216 2700 305 2764 τόνδ’
327 2701 542 2785 ὀλοφύρονται
562 2708 624 2784 μὲν
644 2703 730 2784 ὁμῶς
749 2710 815 2765 νέοι
836 2701 896 2785 ἠδὲ
912 2709 1066 2783 γέροντες,

258 2801 403 2882 α’ργαλέῳ
424 2825 461 2864 τε
483 2802 584 2882 πόθῳ
605 2807 702 2866 πάσα
723 2801 837 2883 κέκηόε
859 2799 960 2873 πόλις.

212 2902 265 2963 καὶ
286 2899 408 2982 τύμβος
428 2902 482 2964 καὶ
506 2903 623 2976 παῖδες
643 2903 678 2965 έν
699 2899 892 2983 ἀνθρώποις
912 2900 1066 2981 ὀρίσημοι

156 3000 206 3065 30.
259 3001 312 3063 καὶ
335 3002 466 3064 παίδων
488 3002 606 3075 παῖδες
627 3002 681 3063 καὶ
703 3009 791 3082 γένος
809 3001 962 3076 ἐξοπίσω.

215 3098 295 3163 οόὀέ
314 3123 396 3163 ποτε
415 3100 503 3174 κλέος
524 3101 650 3165 ἕσθλόν
672 3098 858 3164 α’πόλλοται
879 3098 949 3162 οόδ’
970 3093 1060 3177 ὄνομ’
1080 3094 1192 3172 αότοῦ,

256 3199 327 3263 ἄλλ’
347 3200 414 3263 uno
434 3205 488 3288 γῆς
508 3224 570 3284 περ
590 3201 654 3264 ἕιόν
675 3205 815 3282 γίγνεται
833 3199 1014 3276 α’θάνατος,

215 3295 314 3363 ὅντιν’
335 3299 551 3381 α’ριστεάοντα
571 3299 715 3382 μένοντά
736 3322 771 3361 τε
793 3297 1005 3380 μοιρνάμενόν
1023 3319 1059 3358 τε

256 3403 311 3482 γῆς
332 3408 408 3480 πέρι
430 3400 484 3464 καὶ
506 3401 636 3463 παίδων
658 3395 878 3484 ὀοῦροςῗόρης
894 3398 1002 3482 ὀλέσῃ.

236 3516 265 3580 4.
288 3517 394 3581 Etiam
413 3522 528 3600 poetae
546 3518 599 3594 illi,
623 3519 678 3601 qui
700 3518 817 3599 elegias
837 3516 1018 3581 scribebant
1038 3514 1081 3577 ad
1095 3513 1195 3576 vitam
1217 3512 1322 3592 publi·

159 3635 229 3680 carn
252 3619 442 3698 spectantes
464 3617 538 3683 Solo
555 3623 587 3683 at
600 3619 768 3700 Theognis,
791 3634 991 3700 quamquam
1006 3613 1039 3678 in
1060 3633 1094 3676 re
1109 3611 1236 3693 publica
1253 3632 1323 3677 ver·

153 3719 261 3780 santes
275 3716 315 3779 ad
337 3717 367 3780 id
384 3718 521 3782 maxime
539 3720 739 3800 spectabant,
758 3722 794 3782 ut
807 3715 990 3799 aequalium
1010 3713 1134 3798 animos
1155 3731 1214 3776 suo
1236 3713 1321 3776 arbi-

158 3816 218 3879 trio
239 3820 395 3898 regerent,
417 3817 697 3900 comploravenmt
714 3817 903 3881 brevitatem
925 3814 1010 3878 vitae
1032 3812 1162 3894 eiusque
1181 3812 1322 3876 imbecil-

154 3912 276 3978 litatem
295 3917 326 3978 et
341 3915 518 3982 docuerunt
531 3920 686 3999 optimum
702 3937 771 3982 esse
785 3915 909 3996 gaudiis
924 3918 955 3978 et
968 3911 1184 3994 voluptatibus
1199 3912 1322 3977 laetari.

237 4030 284 4107 lta
305 4034 397 4098 nobis
418 4035 556 4100 traditur
577 4035 702 4103 Solonis
724 4034 834 4116 elegia,
862 4051 927 4115 qua
946 4031 1141 4093 lamentatur
1159 4026 1321 4091 miseriam
