2946 4734
726 228 766 292 10

158 407 279 472 Deinde
303 409 414 472 beatos
435 427 503 471 esse
523 411 666 470 mortuos
688 407 811 471 Seneca
831 408 971 472 ostendit
991 428 1061 489 cap.
1083 407 1136 485 lll,
1161 429 1234 473 cum
1258 428 1329 472 car·

161 511 237 572 eant
263 508 446 571 libidinibus
469 512 501 571 et
517 507 683 571 affectibus
705 511 737 571 et
759 508 858 584 malis
892 528 997 590 neque
1019 509 1067 572 fas
1095 529 1162 573 esse
1190 513 1333 574 mortuos

162 608 257 672 nimis
273 609 481 688 conplorare,
507 609 600 692 »quio
620 608 744 670 beatum
765 607 876 690 dottam
896 609 1018 671 invidio
1034 610 1101 672 sit«
1135 609 1229 685 Quod
1246 609 1331 672 idem

162 708 282 772 Drusus
304 708 399 772 matri
427 707 501 771 dicit
521 728 551 770 v.
573 706 649 770 467:
685 715 730 770 »ot
758 709 905 793 oaiqoom
934 710 1136 773 miserandos
1164 710 1238 772 ero?
1266 711 1332 773 iam

161 810 328 891 comprimo
339 808 460 890 fletos<
489 807 602 889 Capite
615 807 680 871 Xll.
698 810 717 871 5
734 807 855 872 Seneca
872 812 970 889 optat,
986 813 1023 872 ut
1039 810 1211 894 »quamdiu
1221 812 1331 893 slopa-

158 915 225 971 stus
246 909 495 973 immmortales
517 910 566 984 sit,
597 907 678 971 nihil
701 929 738 970 cor
757 929 817 971 sou
839 909 929 971 domo
955 912 1085 973 mortulo
1104 931 1165 972 esse
1186 912 1330 987 seritiut«,

48 1027 49 1030 ’
160 1011 192 1071 et
212 1008 344 1071 summis
365 1008 514 1071 laudibus
535 1007 626 1071 effert
642 1008 844 1088 praeclarum
870 1008 935 1072 eius
952 1009 1129 1090 imperium.
1163 1009 1330 1074 Postremo

159 1108 310 1172 solacium
332 1108 410 1171 illud
432 1108 519 1189 quod
542 1107 676 1188 praebet
690 1107 812 1171 Seneca
834 1108 864 1170 in
887 1110 988 1189 capite
1009 1107 1119 1172 XVll.:
1153 1117 1330 1172 »mortuom

159 1207 314 1271 adscitam
339 1207 409 1289 fore
438 1210 551 1284 metm,
586 1209 680 1271 etiam
704 1208 785 1271 inest
807 1207 939 1288 epicedii
962 1209 1066 1272 versui
1090 1209 1149 1272 329
1178 1212 1211 1272 et
1240 1229 1327 1290 sqq.:

161 1310 231 1373 »tue
247 1310 314 1392 pto,
342 1309 369 1370 si
387 1329 448 1370 noo
465 1315 575 1372 temere
597 1307 673 1371 hoec
695 1307 877 1387 creduntur,
908 1309 940 1371 io
963 1330 1038 1372 orco
1060 1309 1141 1372 inter
1161 1310 1329 1373 honoratos

160 1408 331 1491 accipietur
349 1428 421 1470 noos
443 1411 521 1471 etc«

239 1508 383 1588 Longum
416 1511 523 1570 autem
555 1511 603 1570 est
634 1506 688 1569 illa
719 1525 848 1587 quoque
878 1504 993 1570 afferre
1013 1507 1159 1588 vestigia,
1187 1508 1326 1589 quaein

156 1607 299 1687 epicedio
325 1607 417 1670 nobis
439 1610 596 1670 oecurunt
617 1627 635 1670 e
656 1606 767 1669 ceteris
789 1606 929 1670 Senecae
956 1607 1080 1686 scriptis
1109 1609 1327 1672 consolatoriis

156 1708 335 1787 desumpta,
358 1707 510 1788 quoniam
535 1727 573 1770 ex
595 1707 745 1787 hisquae
767 1707 865 1782 attuli,
888 1707 957 1770 luce
974 1707 1088 1770 clarius
1106 1708 1182 1771 mihi
1201 1708 1327 1772 videtur

155 1826 310 1887 apparere
322 1808 354 1870 in
368 1807 644 1887 argumentatione
659 1806 878 1888 philosophica
896 1808 977 1870 adeo
989 1812 1057 1871 arte
1074 1808 1205 1889 epicedii
1227 1809 1325 1890 scrip-

154 1911 255 1970 torem
287 1926 321 1970 se
350 1907 526 1986 applicasse
552 1907 595 1969 ad
616 1906 782 1983 Senecam,
811 1910 848 1970 ut
872 1910 942 1970 tota
964 1907 1138 1970 consolatio
1160 1908 1250 1988 quasi
1284 1908 1324 1972 sit

155 2006 299 2070 suasoria
319 2006 479 2069 rhetorica
498 2008 638 2070 versibus
660 2007 844 2087 composita.
887 2006 969 2069 Nam
992 2027 1058 2070 non
1078 2007 1179 2070 solum
1203 2007 1325 2071 inveni-

154 2127 226 2170 mus
240 2107 367 2170 easdem
381 2108 563 2183 sententias,
584 2107 641 2169 sed
658 2107 753 2169 etiam
770 2106 908 2170 eandern
929 2107 994 2170 fere
1012 2107 1248 2188 dispositionem
1270 2110 1325 2172 iri·

155 2208 315 2286 partitam,
339 2225 409 2268 cum
431 2209 463 2269 et
477 2206 509 2269 in
523 2206 664 2270 Senecae
680 2206 948 2269 consolationibus
965 2207 1043 2269 etin
1060 2207 1200 2286 epicedio
1215 2213 1325 2272 nostro

155 2325 256 2387 aeque
285 2308 393 2369 extent
420 2308 485 2368 tres
516 2308 624 2385 partes
647 2303 697 2386 (cf.
722 2325 751 2384 p.
774 2306 824 2384 dl:
859 2305 1013 2385 expositio
1045 2306 1093 2369 vel
1120 2307 1264 2371 narratio
1293 2313 1326 2372 et

153 2406 304 2481 laudati0,
328 2402 485 2485 (1-166),
507 2404 694 2467 lamentatio
716 2405 765 2468 vel
788 2405 997 2485 comploratio
1020 2404 1222 2487 (lor-328),
1249 2428 1325 2472 con-

152 2507 265 2571 solatio
287 2503 487 2587 (sau-474).

237 2614 305 2678 lam
322 2633 398 2677 vero
414 2612 573 2692 Hauptius
583 2609 604 2691 ¹)
626 2611 787 2691 vituperat
803 2611 834 2675 in
850 2611 991 2676 carmine
1005 2613 1183 2693 compluria
1205 2616 1323 2679 menda

154 2734 259 2796 noque
281 2713 410 2787 iniuria3
438 2713 496 2776 sed
516 2715 625 2775 tamen
647 2711 685 2786 ei,
718 2731 790 2775 cum
812 2711 845 2774 in
864 2711 1012 2792 quintum
1033 2713 1189 2776 decimum
1212 2733 1323 2777 saccu-

154 2815 221 2878 lum
237 2833 366 2877 carmen
389 2812 523 2891 differat,
547 2812 690 2876 assentiri
714 2830 849 2894 nequeo.
885 2811 967 2875 Nam
991 2813 1099 2876 omnia
1121 2813 1174 2876 illa
1196 2816 1323 2879 menda,

154 2934 237 2996 quae
258 2913 416 2994 Hauptius
439 2912 651 2993 reprehendit,
677 2913 766 2975 nulla
788 2915 872 2988 sunt,
902 2912 935 2976 in
958 2913 1073 2992 quibus
1094 2932 1159 2976 non
1183 2915 1323 2993 potuerit

153 3014 218 3077 labi
229 3013 321 3094 primi
335 3013 451 3076 saeculi
465 3013 601 3092 scriptor
616 3013 648 3074 in
666 3012 860 3076 carminibus
871 3012 1099 3092 componendis
1112 3012 1215 3077 minus
1232 3033 1321 3077 exer·

154 3112 268 3175 citatus
277 3110 312 3192 2).
348 3113 520 3175 Praeterea
536 3111 696 3192 Hauptius
715 3111 782 3192 ipse
802 3111 1009 3175 nihilominus
1029 3111 1189 3192 cognoscit
1209 3114 1320 3193 multa,

155 3234 252 3297 »quoe
274 3213 309 3274 io
330 3212 587 3294 vituperationem
610 3211 728 3274 octaloni
748 3212 960 3294 nonpossint,
987 3213 1141 3297 altiusque
1164 3220 1321 3293 alremont

151 3312 340 3395 eprobubiti
356 3311 496 3395 quodum
518 3311 746 3374 mediocritate«
768 3309 810 3391 (p.
823 3309 905 3391 332).
949 3311 1138 3375 Rectissime
1164 3316 1271 3375 autem
1294 3314 1319 3376 si

150 3413 227 3494 quid
247 3411 348 3476 sentio
369 3410 544 3475 Buecheler
552 3409 577 3491 ⁸)
611 3411 734 3474 disertis
764 3411 867 3474 verbis
899 3410 1092 3491 explanavit,
1120 3432 1318 3493 quamquam

219 3623 245 3693 1)
265 3639 355 3691 opusc.
373 3622 394 3676 l.
414 3641 443 3691 p.
461 3623 607 3676 332-335.

217 3709 243 3777 2)
262 3709 350 3763 Valde
368 3708 510 3778 vituperat
521 3709 660 3778 Hauptius
674 3710 852 3778 participium
873 3712 1015 3780 »functus«
1038 3725 1118 3763 sensu
1140 3709 1315 3778 »defunctus«

148 3795 319 3860 adhibitum,
342 3797 386 3850 sed
409 3794 464 3848 iam
489 3794 518 3848 in
536 3797 610 3850 bona
628 3797 769 3850 latinitate
798 3799 939 3864 ›functus‹
962 3812 1011 3864 pro
1041 3803 1176 3850 ›mortus‹
1201 3798 1318 3852 inveniri

150 3884 366 3937 demonstratum
388 3881 479 3935 estin
499 3883 660 3953 »Gottinper
677 3885 794 3952 petehrte
813 3885 964 3950 Arosapen«
988 3882 1054 3935 1882
1073 3901 1098 3951 p.
1118 3882 1177 3936 833.

218 3967 244 4038 3)
264 3966 296 4020 In
314 3966 438 4022 oratione
457 3968 507 4021 illa
524 3969 688 4034 academica,
708 3987 792 4037 quam
802 3974 893 4023 rector
910 3967 1075 4038 magnificus
1086 3971 1194 4023 creatus
1207 3968 1318 4025 Bonnae

150 4051 249 4108 naono
266 4069 291 4107 a.
312 4053 379 4107 nm
397 4071 423 4123 p.
434 4053 476 4108 21.
