2946 4734
706 230 747 294 57

146 429 221 475 vero
242 408 304 475 hoc
325 429 455 475 carmen
481 408 656 473 illustratur
684 407 745 472 alia
767 405 880 472 Catulli
908 409 1007 489 elegia
1028 407 1068 490 (c.
1090 409 1131 473 68
1153 408 1198 490 Α)
1220 410 1309 475 cuius

147 529 198 573 vv.
218 510 338 574 19-16
360 509 509 574 describit
529 513 625 591 poeta
642 512 840 591 quantopere
859 509 965 573 fratris
980 512 1082 572 morte
1103 511 1142 575 sit
1163 511 1309 587 afflictus,

147 613 179 674 et
199 610 314 673 deinde
335 610 374 690 (c.
395 610 437 673 68
458 609 497 689 Β)
517 628 568 672 vv.
591 609 736 672 tit—100
756 610 885 690 exponit
910 609 1051 673 dolorem
1079 629 1173 674 suum
1203 611 1310 692 augeri

148 730 196 787 eo,
220 711 308 793 quod
330 711 362 774 in
385 713 471 774 terra
496 708 589 773 valde
613 708 753 790 reposita
775 708 872 772 irater
892 709 932 772 sit
953 708 1095 790 sepultus
1117 708 1166 792 (cf.
1190 730 1217 775 c.
1242 710 1310 774 101.

151 808 221 890 112).
255 809 378 874 Tamen
404 810 665 874 lamentationem
692 809 916 872 tantummodo
936 807 997 871 hoc
1019 809 1159 874 carmine
1179 810 1312 891 proferri

148 909 292 973 videmus
319 928 422 991 neque
448 908 706 972 consolationem.
749 906 896 971 Ceterum
925 908 1184 973 iucundissimam
1206 910 1312 992 queri·

148 1010 276 1074 moniae
297 1008 463 1090 parodiam
485 1008 516 1071 in
539 1012 676 1071 mortem
703 1007 840 1090 passeris
861 1008 1016 1087 praestitit
1038 1006 1181 1072 Catullus
1207 1012 1246 1086 (c.
1269 1010 1311 1089 3).

231 1124 331 1206 Magis
357 1129 467 1189 autem
495 1123 705 1189 consolatoria
730 1127 778 1188 est
797 1123 965 1204 Vergilii
989 1123 1044 1188 ecl.
1067 1127 1100 1202 5,
1132 1145 1196 1207 qua
1219 1129 1316 1207 poeta

149 1225 292 1289 imitatus
319 1228 367 1288 est
395 1225 436 1288 id.
458 1225 471 1287 l
491 1223 647 1289 Theocriti
679 1222 730 1305 (ct.
752 1244 783 1305 p.
805 1223 866 1303 51).
908 1223 979 1301 Quo
1005 1225 1147 1288 carmine
1175 1225 1314 1306 complo-

149 1330 240 1389 ratur
261 1344 348 1389 mors
368 1324 544 1407 Daphnidis
564 1325 694 1389 iuvenis.
734 1324 772 1387 Et
793 1327 920 1388 secutus
941 1323 1071 1405 quidem
1090 1329 1139 1389 est
1159 1325 1313 1406 Vergilius

150 1425 328 1490 bucolicum
349 1425 600 1504 alexandrinum,
623 1426 678 1489 sed
701 1444 821 1488 novum
835 1424 938 1488 intulit
960 1429 1194 1505 argumentum.
1229 1426 1312 1490 Nam

151 1544 223 1588 curn
246 1523 405 1589 Theocriti
433 1544 562 1589 carmen
585 1525 705 1590 luctum
730 1529 856 1590 tantum
878 1527 1037 1607 proterat,
1059 1526 1211 1608 Vergilius
1232 1527 1314 1590 inter

151 1625 228 1687 deos
244 1623 393 1706 Daphnin
412 1628 575 1706 receptum
596 1644 664 1689 esse
678 1625 851 1706 praedicat.
892 1626 1001 1706 ltaque
1011 1624 1164 1705 Vergilius
1184 1645 1313 1690 carmen

152 1723 283 1787 adauxit
300 1724 442 1787 adhibito
465 1729 655 1807 argumento
670 1725 726 1800 Vl,
747 1725 780 1789 id
801 1725 886 1807 quod
910 1726 982 1789 tecit
999 1723 1214 1789 celebraturus
1236 1745 1314 1808 apo-

153 1823 276 1887 theosin
298 1823 367 1888 Julii
390 1823 549 1901 CaesariS,
581 1843 644 1906 qua
667 1825 706 1888 de
729 1844 762 1887 re
784 1827 985 1889 consentiunt
1007 1826 1037 1888 et
1059 1822 1183 1904 antiqui
1205 1829 1235 1888 et
1257 1825 1315 1889 ho-

153 1923 254 1986 dierni
276 1924 341 1987 iere
365 1923 562 2005 interpretes.

236 2038 336 2103 Multo
346 2041 440 2104 etiam
452 2040 578 2121 gravior
589 2041 620 2104 in
632 2061 665 2104 19
676 2060 759 2123 quae
771 2040 876 2121 agitur
887 2043 999 2105 auctor
1011 2039 1066 2105 tuit
1081 2041 1315 2122 Propertius

155 2139 304 2203 carminis
344 2139 471 2220 elegiaci
506 2141 595 2222 apud
625 2141 789 2206 Romanos
824 2141 986 2222 princeps
1024 2140 1077 2222 qui
1114 2140 1313 2221 praeclarum

154 2240 277 2320 scripsit
295 2259 422 2304 carmen
446 2239 703 2308 consolatorium.
744 2240 893 2320 Intellego
909 2241 1049 2320 reginam
1069 2238 1250 2320 elegiarum,
1272 2241 1315 2304 Xl

154 2341 222 2404 libri
247 2340 348 2422 quinti
370 2339 519 2420 elegiam:

239 2439 365 2516 Desine,
386 2438 509 2517 Paullo,
532 2456 638 2500 meum
660 2436 797 2500 lacrimis
819 2456 930 2518 urgere
953 2436 1152 2519 sepulcrum;

299 2539 451 2622 panditur
472 2537 513 2602 ad
533 2536 637 2601 nullas
659 2538 754 2600 ianua
776 2538 867 2618 nigra
887 2556 998 2619 preces
1019 2540 1077 2600 etc.

238 2655 329 2733 Quae
357 2654 455 2735 elegia
486 2658 532 2718 est
565 2654 800 2721 consolatio
829 2652 1048 2719 Corneliae
1077 2653 1121 2717 ad
1151 2653 1317 2720 Aemilium

155 2755 303 2821 Paullum
335 2754 485 2819 maritum
516 2759 547 2818 et
575 2753 739 2837 Lepidum.
789 2754 896 2835 Atque
921 2752 1030 2834 incipit
1063 2752 1143 2816 haec
1172 2753 1270 2832 elegia
1300 2772 1318 2815 a

154 2856 279 2920 ratione
308 2854 362 2918 illa
396 2854 584 2920 creberrime
617 2855 649 2917 in
681 2853 875 2917 consolando
903 2854 1023 2917 usitata
1051 2852 1128 2935 (arg.
1158 2852 1215 2933 llz'
1240 2851 1319 2915 nihil

155 2974 302 3019 maerore
328 2954 446 3018 mutari
474 2955 619 3036 (1—10)‚
649 2955 736 3036 quod
762 2952 941 3017 Corneliam
975 2953 1075 3034 ipsam
1105 2953 1319 3032 proterentem

157 3055 248 3136 fingit
275 3054 468 3135 Propertius.
510 3054 630 3118 Deinde
661 3054 798 3118 ostendit
821 3052 967 3119 Cornelia
995 3051 1098 3116 omnis
1124 3050 1237 3132 culpae
1263 3050 1319 3111 im-

158 3173 290 3218 munem
312 3175 345 3217 se
364 3155 406 3218 ad
429 3155 545 3219 interos
566 3153 725 3218 transiisse
748 3173 851 3235 neque
872 3153 968 3234 igitur
989 3170 1109 3234 poenas
1131 3150 1163 3213 in
1185 3150 1319 3213 Tartaro

158 3255 216 3320 sibi
241 3274 310 3319 esse
332 3254 486 3318 verendas
509 3251 665 3336 (ll—56).
710 3253 833 3318 Gaudet
856 3253 945 3334 quod
971 3271 1045 3315 cara
1070 3251 1163 3314 fuerit
1191 3251 1321 3332 propin-

159 3359 230 3441 quis
251 3354 398 3438 (at-68)
422 3360 453 3419 et
473 3355 663 3419 adhortatur
684 3354 867 3436 superstites
887 3356 924 3417 ut
943 3357 1068 3434 gentem
1091 3351 1170 3415 serie
1191 3349 1322 3414 fulciant

161 3459 353 3538 mittantque
384 3455 527 3519 dolorem
554 3453 732 3536 (69—10a).
775 3454 925 3518 Videmus
954 3454 986 3516 in
1016 3452 1077 3516 hac
1106 3451 1206 3533 elegia
1236 3469 1322 3513 mor-

160 3565 251 3625 tuam
276 3558 378 3639 ipsam
408 3556 591 3636 loquentem
620 3555 715 3637 fingi,
748 3555 830 3619 sicut
854 3557 962 3636 postea
984 3552 1121 3617 Drusum
1151 3552 1183 3615 in
1212 3568 1324 3614 conso·

163 3660 282 3725 latione
304 3655 344 3720 ad
366 3655 485 3720 Liviam
510 3658 541 3719 91
562 3659 705 3719 mortuos
725 3654 758 3718 in
778 3653 918 3719 Senecae
940 3657 970 3717 et
989 3652 1080 3717 Statii
1102 3649 1325 3715 consolationi·

162 3764 231 3827 bus.
275 3757 369 3835 Quod
397 3758 562 3837 sumptum
593 3758 640 3818 est
667 3775 706 3819 ex
734 3754 989 3836 inscriptionibus
1018 3750 1260 3832 sepulcralibus,
1290 3751 1322 3813 in

163 3861 278 3944 quibus
298 3876 393 3938 saepe
422 3859 569 3919 mortuus
589 3854 760 3938 alloquitur
787 3872 841 3918 eos
863 3854 916 3935 qui
937 3852 1143 3934 praetereunt
1170 3849 1210 3913 ad
1235 3868 1322 3913 com-

163 3958 356 4028 movendam
377 3976 487 4022 eorum
508 3955 750 4019 miserationem.

248 4058 434 4127 ovidius
469 4055 599 4120 tandem
637 4056 718 4119 inter
750 4053 922 4118 rhetoricos
956 4053 1066 4133 poetas
1097 4047 1320 4130 perpulchram
