2946 4734
709 251 751 316 68

157 425 242 493 1049
274 425 422 490 ἐνταῦθα
454 427 564 507 ὥσπερ
596 423 959 509 ἀναζωπυροῦσα,
990 423 1076 491 Don.
1105 424 1171 490 An.
1193 424 1303 491 4591

156 530 241 617 ‚ugit
262 535 374 618 poeta,
398 532 438 595 ut
454 528 496 594 ad
519 529 656 616 nuptias
680 530 852 597 faciendas
874 552 936 597 mc
944 529 1012 616 gis
1035 529 1304 597 accendatur

156 637 266 716 Simo‘‚
291 634 328 701 0.
342 635 384 700 R.
408 634 471 699 326
495 634 692 718 ἐξάγεται
714 638 762 713 είς
785 638 958 719 λοιδορίαν
981 636 999 702 ὁ
1022 637 1195 718 Οἰδίπους,
1218 634 1304 701 ὅθεν

154 737 380 824 παροξυνθεὶς
399 738 496 822 λέγει,
527 738 584 805 Or.
601 740 644 805 28
669 741 855 823 ὕστερον
877 741 1220 824 ὑπερταθησασα
1240 764 1303 805 κα·

154 850 284 929 ταβοᾶ
299 855 367 910 τοῦ
389 847 605 925 Ἀπόλλωνος,
629 845 715 911 Med.
741 846 825 911 1055
849 846 950 911 πάλιν
974 896 1006 910 ..
1030 846 1190 911 λύεται
1218 847 1304 927 πρὸς

155 947 269 1018 οἶκτον
297 949 458 1030 etrele,
491 949 576 1016 Εοο.
601 951 707 1015 811.1
734 950 831 1032 ,vide
863 952 904 1016 ut
935 973 1023 1016 nunc
1054 949 1303 1018 evanuerit

154 1056 242 1122 actio
267 1054 402 1120 militis:
426 1054 533 1142 primo
557 1058 643 1136 etcf,
669 1056 798 1121 10442
821 1055 1010 1122 (3110541
1034 1056 1144 1142 praef.
1160 1056 1211 1140 ΙΙ,
1233 1055 1301 1122 Ad.

154 1161 272 1242 855.1,
295 1159 398 1246 Hipp.
424 1160 489 1224 240
514 1161 616 1225 πάλιν
639 1171 887 1227 καταστᾶσα
911 1161 955 1226 ἐκ
977 1171 1048 1245 τῆς
1068 1165 1224 1245 μανίας
1245 1159 1301 1226 καὶ

153 1269 293 1350 έμφρων
313 1263 480 1348 γινομένη,
514 1264 610 1330 Eum.
636 1266 699 1330 719
723 1266 771 1331 έτί
796 1265 935 1342 άιτειλδις
964 1265 1142 1349 τρέπονται
1164 1265 1301 1349 ἀφεῖσαι

153 1373 213 1454 τὴν
246 1373 485 1452 δικαιολογίαν,
519 1369 619 1456 Hipp.
644 1371 717 1453 704,
741 1371 828 1438 Med.
853 1372 917 1436 349
944 1374 1148 1455 αἰσθόμενος
1180 1369 1301 1438 ἑαυτοῦ

153 1473 536 1558 καταθελγομένου
559 1474 626 1541 καὶ
648 1476 1080 1560 καταγοητενομένου
1101 1488 1172 1554 τοῖς
1186 1480 1302 1561 λόγοις

22 1618 25 1627 ,
153 1581 254 1664 αὐτῆς
275 1580 377 1645 ταῦτά
400 1597 514 1662 φησιν,
538 1580 622 1645 Ant.
639 1582 699 1646 781
725 1584 855 1647 τάλαι
879 1582 1021 1665 ὡμονόει
1045 1604 1090 1648 sc.
1102 1581 1232 1648 Haemo
1255 1593 1301 1670 τῷ

152 1683 261 1769 πατρὶ,
294 1695 375 1750 νῦν
399 1683 447 1749 δὲ
473 1686 593 1768 σχεδὸν
616 1687 773 1770 πολέμιος
795 1690 913 1771 γέγονε
933 1689 988 1751 διὰ
1010 1689 1072 1770 τὴν
1095 1686 1298 1772 Ἀντιγόνην,

153 1791 191 1856 Ο.
205 1790 241 1856 C.
266 1791 327 1855 117
352 1792 399 1854 τά
422 1802 564 1873 πρῶτα
596 1791 970 1877 iuoxatrrrat'vovr691),
1003 1792 1105 1879 Hipp.
1128 1792 1195 1858 304
1218 1798 1298 1858 λοι-

152 1898 235 1962 τὸν
272 1895 485 1977 άπεγνωκυῑα
521 1897 581 1978 τὴν
614 1901 792 1961 κολακείαν
824 1908 1014 1980 κνηστικοῑς
1047 1897 1153 1981 αὐτὴν
1186 1900 1300 1982 λόγοις

152 2001 303 2085 έρεθίζει,
333 1999 435 2088 Hipp.
468 2001 532 2064 372
564 2004 727 2066 λοιπὸν
752 2051 785 2066 ..
810 2001 959 2085 ἀφεμένη
989 2013 1112 2067 τῶν..
1138 2004 1298 2068 διανοιῶν

154 2108 413 2190 ..άρχεται,
442 2105 543 2192 Hipp.
567 2106 640 2187 391,
665 2106 738 2188 616,
764 2106 821 2172 Or.
844 2106 974 2188 94,Ἐ1.
998 2107 1061 2172 657
1085 2112 1219 2191 ζητοῦσι
1241 2109 1297 2174 διὰ

150 2216 186 2276 τί
209 2211 406 2276 ἐνταῦθα
436 2208 498 2292 μὲν
521 2210 582 2276 οὐκ
612 2211 766 2295 ἐμφαίνει
796 2211 870 2295 περὶ
903 2222 963 2277 τοῦ
985 2211 1148 2295 Ὀρέστου,
1178 2213 1297 2279 ὕστε-

152 2341 231 2399 ρον
255 2315 291 2381 δὲ
314 2327 375 2381 τοῦ
398 2316 554 2399 ἀγγέλου,
570 2316 732 2394 ἐλθόντος
761 2323 915 2402 φαίνεται
939 2317 1154 2403 ἐφηδομένη·
1178 2317 1297 2404 ῥητέον

26 2432 31 2443 ’
150 2417 213 2487 οὖν
236 2420 286 2484 ὅτι
320 2431 401 2485 νῦν
433 2419 494 2502 μὲν
521 2423 742 2504 προσδοκῶσα
773 2423 875 2487 αὐτὸν
905 2424 1026 2506 ἥξοντα
1055 2428 1170 2507 ζῶντα,
1203 2426 1296 2489 τότε

151 2523 187 2590 δὲ
217 2526 263 2601 ὡς
292 2526 373 2590 κατὰ
405 2525 639 2603 ἀποθανόντος
670 2529 926 2611 παρρησιάζεται
960 2529 1090 2611 ἄφοβος
1120 2528 1295 2614 γενομένη,
1321 2526 1324 2533 ’

149 2630 214 2696 Αό.
240 2630 325 2694 973
358 2630 526 2711 ,mitius
556 2631 678 2696 modo
711 2632 800 2698 dixit
832 2633 935 2714 „sinis
969 2635 1169 2722 corrumpi“‚
1201 2656 1295 2700 mox

150 2735 465 2803 vehementius
498 2736 588 2802 dicet
620 2740 705 2817 etc‘,
739 2738 812 2802 793.
825 2738 856 2820 2,
894 2740 966 2821 726,
999 2741 1086 2805 Eun.
1118 2740 1225 2827 praef.
1256 2740 1295 2805 H

85 2882 88 2887 -
149 2840 217 2922 ,ille
251 2840 394 2927 primo
427 2841 678 2923 irascitur,
711 2848 816 2928 post
840 2895 872 2908 ..
896 2844 1098 2927 lenitur‘,
1128 2845 1195 2912 Ad.
1219 2845 1292 2927 863,

149 2946 235 3011 Eun.
253 2946 347 3010 1061.
364 2950 390 3026 1,
415 2945 496 3011 Ηοο.
511 2947 585 3012 507.
599 2947 629 3025 2,
645 2947 713 3012 An.
731 2948 804 3013 595.
819 2948 848 3029 2,
873 2948 954 3016 Ηεο.
969 2950 1043 3015 619.
1060 2955 1086 3032 1,
1110 2950 1171 3017 Ph.
1188 2951 1291 3018 2391

150 3052 212 3116 etc.
236 3055 309 3131 etc,
334 3050 435 3136 Hipp.
458 3052 515 3115 ὑπ.
545 3050 707 3133 στέγουσα
737 3055 798 3135 τὴν
826 3056 929 3118 νόσον
952 3056 972 3138 ἡ
996 3057 1127 3138 Φαίδρα
1149 3059 1292 3144 χρόνῳ

149 3158 233 3238 πρὸς
269 3166 327 3239 τῆς
359 3167 488 3240 τροφοῦ
524 3158 670 3239 δηλῶσαι
705 3158 911 3242 ἠναγκάσθη,
949 3159 991 3225 cf.
1022 3165 1205 3247 praeterea
1226 3161 1291 3229 Ad.

148 3261 253 3347 praef.
278 3260 387 3337 1115,
413 3261 485 3342 902,
509 3261 624 3326 9813.

683 3647 744 3712 VI.

280 3785 327 3851 De
350 3803 473 3851 morum
496 3786 673 3870 generibus
696 3806 735 3854 ac
758 3787 936 3875 speciebus,
960 3788 1001 3855 de
1024 3789 1152 3874 decere,

503 3908 543 3976 (le
565 3909 752 3978 fabularum
774 3911 932 3979 utilitate.

234 4047 302 4114 Eas
326 4054 490 4134 quattuor
513 4073 595 4138 quas
620 4051 726 4118 adhuc
750 4055 959 4121 enotavimus
993 4056 1086 4142 leges
1110 4079 1184 4124 cum
1205 4059 1289 4125 bene

147 4154 382 4220 observaverit
414 4160 526 4243 poeta,
560 4157 669 4223 omnia
691 4159 845 4244 personis
876 4160 1008 4247 quidem
1043 4163 1209 4249 respectis
1232 4164 1289 4231 ob·

238 4333 263 4398 1)
284 4330 435 4386 Subaudies
455 4329 571 4399 ὕστερον
589 4335 668 4401 φίλοι
685 4332 867 4403 γενησόμενοι
887 4336 929 4390 vel
947 4337 1004 4392 tale
1023 4338 1096 4406 quid.
