2946 4734
708 190 865 282 ea'

151 418 279 502 plorant
300 422 357 482 aut
377 415 519 492 laudant,
539 421 646 481 tamen
666 417 820 481 nonnulla
838 417 999 480 continent
1014 415 1234 481 consolatoria.
1270 419 1316 485 Ita

148 540 175 584 c.
199 521 218 583 3
239 521 271 583 in
295 519 465 583 Arborium
488 518 682 582 avunculum
707 537 735 580 v.
760 519 813 580 18:
831 538 904 599 erpa
926 520 996 582 vale
1019 553 1054 562 —
1077 516 1224 600 Elysiam
1246 540 1317 584 sor-

148 621 225 683 titus
248 620 402 683 avuncule
422 619 536 682 saulem.
578 617 684 682 Carni.
708 619 746 681 11
774 617 804 680 in
828 617 1002 681 Euronium
1023 638 1175 698 generum
1203 641 1234 684 v.
1264 622 1316 684 li:

148 720 196 782 ait
227 721 297 783 aeui
329 719 481 782 breuitate
512 724 616 781 tamea
644 717 701 780 tibi
732 716 841 781 laudis
873 717 1072 797 ademptam
1115 719 1221 784 indole
1250 742 1317 784 rua-

150 827 253 892 tams,
273 819 387 896 fauere
409 817 541 882 acerbas
564 817 640 882 obis.
683 814 787 881 Carm.
812 817 848 880 15
880 819 912 881 in
932 817 1145 899 Pomponium
1175 821 1315 897 affinem,

151 938 179 981 v.
204 919 258 982 11:
290 919 346 982 secl
374 918 515 996 frueris:
545 919 658 980 diuina
679 917 804 980 habitat
832 918 862 981 si
887 919 995 997 partia
1017 939 1146 1000 maaes;
1178 942 1318 1006 quaeque

146 1018 263 1101 futura
285 1022 358 1083 aliu
386 1019 508 1099 paedia
530 1037 623 1081 nasse
646 1018 752 1080 datar.
799 1017 942 1098 Loapr'ar
964 1018 1015 1081 liic
1044 1021 1139 1082 etiam
1161 1021 1316 1085 laetorum

147 1118 276 1201 fractas
297 1120 445 1196 tabita-r,
474 1119 670 1198 anticipasse
691 1118 747 1181 dia
776 1138 857 1198 qaae
877 1118 968 1181 modo
989 1120 1177 1198 participas.
1222 1119 1256 1184 C.
1281 1122 1317 1184 ru

152 1219 276 1282 Veniam
304 1219 455 1283 Liceriam
489 1222 557 1301 post
587 1218 867 1300 complorationem
901 1217 1079 1299 praedicat,
1111 1220 1186 1300 quia
1216 1225 1318 1284 morte

151 1339 224 1382 cum
245 1320 359 1382 marito
380 1320 492 1382 iterum
515 1319 555 1382 sit
579 1321 749 1383 coniuncta
772 1322 802 1381 et
828 1321 949 1399 »nupta
972 1319 1073 1398 magis
1096 1338 1195 1400 quarn
1211 1325 1318 1383 tumu-

150 1419 233 1481 lata<
260 1417 300 1500 (v.
315 1416 374 1498 16).
417 1417 523 1482 Carm.
539 1420 578 1482 18
599 1421 689 1500 optat
710 1418 872 1482 Ausonius
894 1421 930 1480 ut
951 1416 1058 1499 qualia
1080 1419 1111 1482 in
1135 1420 1198 1482 vita
1224 1420 1317 1484 »talia

153 1522 184 1581 et
207 1518 248 1581 ad
272 1538 383 1581 manes
399 1520 464 1582 otia
485 1518 621 1582 Sanctus
645 1521 737 1598 agat«
764 1519 805 1595 (r.
821 1514 881 1597 11).
925 1516 1030 1581 Carni.
1056 1519 1094 1581 19
1116 1519 1146 1581 iu
1170 1518 1316 1583 Narniam

153 1617 364 1681 Pudentillam
394 1638 424 1681 r.
449 1619 505 1682 13:
535 1638 619 1682 uuae
647 1619 741 1682 etiam
762 1637 871 1681 moues
894 1616 1044 1696 placidos
1067 1617 1129 1700 pia
1158 1638 1236 1682 aura
1267 1641 1317 1684 re-

152 1723 270 1781 tractat
300 1723 392 1803 atque
420 1718 638 1782 Pudentillam
667 1718 769 1795 fantis
802 1716 918 1781 honore
951 1716 1031 1780 colit.
1077 1716 1183 1781 Carm.
1218 1720 1252 1780 11
1285 1720 1315 1782 in

152 1821 310 1881 Attusiam
333 1839 384 1882 vv.
406 1820 473 1891 uu:
506 1821 652 1899 quamuis
673 1819 846 1881 Santonica
870 1815 987 1896 procat
1016 1817 1052 1881 r'a
1080 1817 1191 1882 tellure
1213 1820 1317 1882 tacen-

150 1926 198 1983 tes
222 1921 366 1999 pervenit
394 1919 438 1983 ad
466 1939 575 1983 manes
595 1919 771 2000 exequialis
799 1917 907 1980 aoros.
957 1914 1062 1979 Carm.
1089 1917 1129 1978 12
1160 1917 1190 1980 in
1221 1917 1317 1982 Seve-

152 2038 222 2081 rum
245 2037 452 2082 consocerum
475 2038 504 2081 r.
530 2020 567 2082 15
588 2039 654 2100 sq.:
684 2018 715 2080 sr'
741 2018 818 2102 qaid
839 2017 929 2097 apua
956 2036 1065 2080 manes
1088 2018 1205 2098 sentis,
1232 2017 1317 2100 fauet

152 2119 209 2182 aaa
231 2118 289 2181 tili
312 2126 463 2196 meatuum
490 2119 572 2204 qaod
585 2117 663 2198 fleri
685 2124 829 2200 optaras,
851 2117 887 2181 ra
908 2117 1044 2180 ualuisse
1065 2117 1166 2180 deum.
1210 2117 1316 2182 Carm.

154 2219 195 2282 30
215 2219 246 2281 in
268 2218 477 2300 Pomponiam
505 2217 654 2281 Urbicum
683 2236 872 2281 consocrum
893 2237 922 2280 v.
943 2216 979 2280 9:
1012 2217 1068 2281 sed
1096 2224 1249 2302 aequetur
1271 2221 1317 2283 ai-

155 2318 217 2381 dua
250 2318 377 2399 tanqam
416 2325 558 2381 araaiata
598 2318 655 2382 aab
689 2337 763 2381 aava
796 2318 948 2397 protinas
978 2324 1083 2397 optato
1112 2319 1177 2399 fiae
1210 2325 1316 2384 secata

153 2439 267 2482 arram.

235 2551 278 2616 In
308 2551 593 2633 professorum
633 2549 996 2629 Burdigalensium
1026 2569 1318 2615 commemora-

154 2653 273 2716 tione
305 2649 419 2714 deinde
447 2650 607 2714 Ausonius
640 2649 781 2730 epicedia
814 2649 1001 2731 conscripsit
1032 2650 1064 2713 in
1097 2655 1317 2731 praeceptores

154 2771 245 2828 suos,
275 2770 413 2833 quorum
444 2751 587 2814 omnium
609 2749 757 2830 deinceps
791 2749 902 2813 laudat
933 2753 1032 2813 artem
1066 2749 1257 2814 rhetoricam
1287 2754 1319 2813 et

152 2852 407 2934 grammaticam.
451 2851 486 2913 ln
509 2851 556 2914 his
576 2869 705 2933 quoque
726 2850 920 2938 carminibus
948 2868 1012 2912 non
1035 2849 1149 2912 desunt
1173 2850 1318 2914 consola-

157 2952 252 3016 toria.
295 2951 386 3030 Quae
407 2952 543 3016 breviter
564 2969 706 3031 excerpo.

241 3107 254 3170 l
275 3108 308 3170 in
326 3105 511 3169 Tiberinum
533 3102 690 3165 Victorem
713 3119 764 3164 vr.
789 3100 828 3164 37
846 3119 933 3182 sqq.:

295 3221 467 3287 Quamquam
487 3216 595 3271 heredis
614 3233 697 3285 egens
711 3216 754 3270 bis
772 3233 819 3270 sex
838 3213 1026 3284 quinquennia
1046 3213 1157 3268 functus

361 3306 443 3359 fietus
461 3321 490 3358 er
508 3321 526 3357 a
543 3303 622 3357 nobis
639 3306 672 3357 ut
691 3304 771 3372 pater
789 3304 819 3356 et
837 3298 951 3354 invenis.

293 3393 420 3446 Etanna
438 3389 496 3445 sive
510 3388 615 3458 aliquid
633 3392 696 3459 post
714 3389 775 3443 tata
792 3403 919 3456 suprema
937 3385 1065 3454 supersit,

362 3477 430 3532 vivis
448 3477 544 3541 adhuc,
564 3476 625 3530 aeri
644 3475 719 3545 quod
738 3473 820 3544 periit
838 3471 998 3534 meminens,

242 3569 277 3620 40
295 3564 352 3619 sire
373 3564 443 3617 nihil
462 3564 584 3631 superesi
602 3580 652 3616 nee
669 3561 774 3616 habent
791 3561 877 3629 longa
896 3560 953 3613 otia
972 3575 1073 3623 sensus,

365 3649 468 3705 talibi
486 3648 595 3703 vixisti:
614 3664 663 3702 noa
682 3652 733 3702 tua
751 3647 810 3701 fata
829 3648 916 3700 iurat.

231 3793 258 3858 11
280 3794 312 3856 in
333 3791 481 3855 Latinum
505 3789 663 3853 Alcimum
686 3808 715 3852 r.
744 3787 778 3850 19
795 3806 857 3868 sq.:

294 3908 388 3962 virent
405 3923 454 3976 per
473 3921 581 3959 omnem
599 3906 739 3973 posterum
758 3901 918 3954 memoriam

363 4008 432 4062 quor
451 3995 482 4046 tu
501 4007 594 4046 sacrae
612 3989 703 4044 famae
722 3989 814 4042 dabas.
