2946 4734
722 189 760 254 17

149 376 240 440 cedia
262 363 467 439 intercesserit
486 371 517 436 in
533 371 765 454 ethymologico
780 370 927 435 Gudiano
940 368 962 449 ¹)
985 388 1022 433 ea
1044 369 1087 434 ita
1109 368 1320 446 constituitur,

149 481 186 540 ut
208 475 371 557 epicedion
393 473 570 554 appelletur
598 491 728 534 carmen
758 471 790 534 in
816 469 996 552 praesentia
1018 471 1130 534 funera
1154 470 1319 552 scriptum,

149 595 222 640 curn
246 575 377 638 threnus
402 573 495 636 nullis
518 575 701 636 coerceatur
721 572 873 652 temporis
892 571 1023 634 finibus:
1054 567 1241 655 ἐπικήδειον
1259 574 1320 649 μὲν

147 675 210 756 γοὶρ
232 675 364 745 ἔπαινος
385 674 444 734 τοῦ
466 670 719 756 versionem
740 669 825 750 μετά
842 692 926 742 τινος
939 673 1071 748 μετρίου
1089 669 1318 748 σχετλιασμοῦ,

148 776 270 852 θρῆνος
292 773 329 834 δὲ
351 773 442 851 oropo?
465 773 502 833 cd
523 766 617 854 ᾄδειν
640 771 724 854 αὐτῇ
741 775 781 852 τῇ
805 773 959 853 συμφορᾷ
980 771 1044 849 πρὸ
1063 773 1119 846 τῆς
1140 773 1247 853 ταφῆς
1264 773 1318 833 καὶ

150 875 236 954 perci
261 874 320 948 τήν
349 874 458 958 capric
487 873 552 934 κτλ.
596 872 685 950 Quae
715 872 873 936 distinctio
903 890 966 934 non
996 870 1072 933 mitri
1094 870 1213 952 placet,
1244 890 1318 934 curn

150 994 256 1058 neque
277 974 404 1037 aliunde
427 977 524 1056 atque
547 994 563 1035 e
586 973 766 1054 posterioris
788 972 940 1052 temporis
969 973 1184 1050 grammaticis
1214 990 1318 1052 neque

150 1095 184 1138 re
207 1077 274 1155 ipsa
296 1073 527 1154 comprobetur:
565 1072 646 1136 Nam
670 1073 772 1135 multa
791 1071 932 1152 epicedio
954 1090 993 1133 ex
1015 1071 1204 1153 antiquitate
1227 1071 1318 1134 nobis

149 1178 225 1238 sunt
248 1173 373 1247 tradita,
397 1192 479 1255 quae
499 1173 599 1235 multo
621 1176 694 1253 post
714 1171 826 1235 funera
849 1171 1063 1234 suasoriarum
1085 1170 1182 1233 modo
1203 1171 1320 1252 scripta

149 1293 217 1338 esse
238 1277 373 1336 constat.
416 1272 572 1354 Equidem
594 1272 630 1334 iis
646 1271 810 1347 assentior,
834 1270 888 1352 qui
911 1270 940 1332 id
962 1270 1112 1333 interesse
1134 1272 1259 1351 putant,
1282 1274 1318 1332 ut

149 1373 291 1456 epicedia
314 1373 452 1436 maxime
482 1372 522 1434 ad
551 1372 719 1452 legendum
750 1372 866 1452 scripta
889 1390 958 1433 esse
983 1371 1184 1433 existument.
1227 1369 1317 1446 Quae

148 1472 307 1536 sententia
329 1472 474 1534 firmatur
498 1491 570 1535 cum
594 1491 631 1534 eo
652 1471 738 1553 quod
759 1471 899 1552 epicedia
919 1474 1028 1534 secuta
1049 1473 1124 1534 sunt
1146 1470 1316 1551 elegiarum

149 1572 346 1653 disciplinam
370 1571 507 1648 doctam,
532 1575 600 1634 tum
623 1571 909 1635 Alexandrinorum
928 1572 1082 1653 epicediis.
1125 1570 1220 1650 Apud
1243 1570 1317 1633 Plu-

149 1673 296 1735 tarchum
324 1674 432 1734 autern
464 1671 626 1752 epicedion
662 1691 787 1752 semper
824 1671 985 1733 notionem
1024 1670 1120 1733 habet
1157 1671 1317 1752 epigram-

149 1769 282 1851 matisfl)

231 1871 375 1952 Denique
398 1871 460 1934 iarn
483 1870 612 1934 Periclis
641 1873 746 1934 aetate
776 1871 933 1934 orationes
962 1871 1112 1937 funebres
1137 1875 1316 1938 conscribe·

149 1972 285 2048 bantur,
317 1971 433 2053 quibus
465 1990 581 2034 nomen
615 1974 683 2032 erat
711 1967 827 2049 λόγοι
856 1969 1122 2054 ἐπιτάφιοιθ.)
1172 1973 1315 2051 Quarum

151 2073 332 2136 orationum
363 2072 404 2134 ad
434 2071 543 2134 laudes
572 2074 769 2133 mortuorum
800 2071 937 2135 maxime
957 2073 1168 2154 spectantium
1194 2079 1315 2138 veteres

151 2172 216 2234 <luo
239 2172 436 2234 constituunt
467 2190 595 2250 genera,
625 2170 759 2234 alterurn
791 2172 1028 2236 adhortativum
1052 2172 1316 2254 (προτρεπτικόν)

150 2271 237 2353 quod
267 2271 449 2352 superstites
470 2271 631 2346 monebat,
664 2275 699 2333 ut
723 2270 890 2335 virtutibus
918 2277 1058 2335 mortuos
1089 2273 1316 2354 adaequarent,

150 2372 285 2434 alterurn
315 2371 561 2432 consolatorium
589 2368 859 2452 (παραμιιθικόο).
910 2372 972 2434 Sed
1000 2372 1031 2433 in
1065 2372 1233 2454 epitaphiis
1262 2374 1316 2454 qui

151 2474 260 2534 extant
281 2470 458 2550 promiscue
480 2470 659 2532 invenimus
673 2469 817 2533 adhibita
830 2472 894 2533 duo
910 2471 962 2534 illa
984 2491 1111 2551 genera.
1141 2473 1317 2536 Posteriore

151 2591 226 2634 vero
251 2574 395 2650 tempore
418 2569 559 2632 carmina
581 2588 710 2651 qnoque
738 2569 957 2634 scribebantur
987 2570 1196 2653 epitaphia⁴)‚
1224 2571 1317 2636 valde

152 2689 190 2733 ea
209 2668 321 2732 similia
343 2669 498 2749 epicediis.

366 2944 401 3007 Β.
439 2945 491 3008 De
513 2944 771 3025 argumentis
793 2945 1101 3009 consolatoriis,

133 3065 135 3068 ⁵
231 3076 297 3139 lam
311 3095 386 3139 vero
398 3077 585 3158 priusquam
599 3077 783 3157 progredior
795 3077 835 3139 ad
851 3080 1084 3158 percensendos
1102 3085 1213 3162 poetas
1223 3082 1317 3163 ipsos

151 3176 358 3256 contemplari
374 3177 468 3240 reiert
482 3179 680 3256 argumenta,
703 3177 818 3257 quibus
833 3177 873 3239 illi
892 3177 938 3239 usi
953 3181 1027 3240 sunt
1041 3179 1146 3242 veluti
1161 3185 1317 3262 poterant.

152 3275 274 3339 Natura
295 3276 385 3338 hilari
409 3281 505 3357 atque
531 3275 634 3338 indole
658 3275 699 3340 ad
720 3275 908 3338 laetandum
930 3277 1058 3357 proclivi
1077 3281 1228 3343 commoti
1250 3301 1318 3344 orn-

152 3375 205 3438 nia
229 3375 311 3438 vitae
340 3376 509 3439 commoda
538 3380 568 3438 et
591 3375 801 3439 iucunditates
832 3376 939 3456 magni
967 3377 1179 3442 aestimabant
1208 3379 1316 3444 Graeci

153 3478 184 3536 et
205 3473 286 3536 laete
307 3474 343 3536 iis
365 3473 560 3536 fruebantur.
604 3474 809 3537 incommoda
827 3478 944 3550 autem,
972 3477 1086 3556 quibus
1107 3476 1251 3540 homines
1272 3479 1318 3542 ai-

153 3571 310 3664 ficiuntur,
334 3592 371 3636 eo
394 3574 514 3636 maiore
536 3592 608 3636 cum
631 3573 740 3636 dolore
760 3575 951 3655 sentiebant,
981 3595 1044 3657 quo
1065 3563 1169 3640 minus¹
1191 3578 1226 3641 iis
1247 3599 1319 3659 pos·

222 3752 248 3820 1)
268 3751 377 3820 Ethym.
398 3752 467 3805 Gud.
487 3753 528 3806 ed.
548 3752 636 3806 Stura.
674 3753 746 3822 Lips.
767 3754 835 3808 1818
853 3773 878 3823 p.
899 3754 956 3808 200.

221 3836 248 3905 2)
268 3837 341 3889 Plut.
359 3836 452 3907 Pelop.
472 3839 494 3901 1,
512 3837 570 3892 Nic.
591 3840 630 3892 17.

220 3925 245 3990 3)
265 3922 434 3978 Volkmann:
453 3924 589 3979 Rhetorilr
608 3927 657 3979 der
674 3924 812 3980 Griechen
830 3943 857 3978 ιι,
877 3927 977 3979 Romer
996 3944 1023 3993 p.
1044 3925 1095 3977 304
1114 3942 1173 3992 sqq.

221 4008 249 4076 4)
269 4009 352 4063 anth.
373 4009 421 4063 lat.
442 4011 483 4063 erl.
503 4009 581 4064 Riese
601 4029 641 4067 nr.
661 4011 720 4067 345.
741 4012 799 4064 354.
819 4011 868 4064 683
887 4016 937 4066 etc.
1171 4088 1187 4138 2
