<?xml version="1.0" encoding="UTF-8"?>
<!DOCTYPE html PUBLIC "-//W3C//DTD XHTML 1.0 Transitional//EN"
    "http://www.w3.org/TR/xhtml1/DTD/xhtml1-transitional.dtd">
<html xmlns="http://www.w3.org/1999/xhtml" xml:lang="en" lang="en">
 <head>
  <title>
</title>
<meta http-equiv="Content-Type" content="text/html;charset=utf-8" />
  <meta name='ocr-system' content='tesseract 3.04.00' />
  <meta name='ocr-capabilities' content='ocr_page ocr_carea ocr_par ocr_line ocrx_word'/>
</head>
<body>
  <div class='ocr_page' id='page_1' title='image "./deincertipoetae00schagoog_0148.png"; bbox 0 0 2946 4734; ppageno 0'>
   <div class='ocr_carea' id='block_1_1' title="bbox 697 270 740 335">
    <p class='ocr_par' dir='ltr' id='par_1_1' title="bbox 697 270 740 335">
     <span class='ocr_line' id='line_1_1' title="bbox 697 270 740 335; baseline 0 0"><span class='ocrx_word' id='word_1_1' title='bbox 697 270 740 335; x_wconf 81' lang='lat'><strong>63</strong></span> 
     </span>
    </p>
   </div>
   <div class='ocr_carea' id='block_1_2' title="bbox 146 444 1297 2321">
    <p class='ocr_par' dir='ltr' id='par_1_2' title="bbox 146 444 1296 1059">
     <span class='ocr_line' id='line_1_2' title="bbox 146 444 1296 530; baseline 0.003 -22"><span class='ocrx_word' id='word_1_2' title='bbox 146 448 358 528; x_wconf 86' lang='grc' dir='ltr'><strong><em>λίμβολον</em></strong></span> <span class='ocrx_word' id='word_1_3' title='bbox 372 495 378 508; x_wconf 95' lang='grc'><strong><em>.</em></strong></span> <span class='ocrx_word' id='word_1_4' title='bbox 392 445 666 529; x_wconf 84' lang='grc' dir='ltr'><strong><em>ὑπερφοβοῦνται</em></strong></span> <span class='ocrx_word' id='word_1_5' title='bbox 690 446 753 528; x_wconf 81' lang='grc' dir='ltr'><strong>γὰρ</strong></span> <span class='ocrx_word' id='word_1_6' title='bbox 777 444 831 510; x_wconf 77' lang='grc' dir='ltr'><strong><em>καί</em></strong></span> <span class='ocrx_word' id='word_1_7' title='bbox 854 446 1084 528; x_wconf 73' lang='grc' dir='ltr'><strong><em>θρασύνονται</em></strong></span> <span class='ocrx_word' id='word_1_8' title='bbox 1114 458 1186 524; x_wconf 85' lang='grc' dir='ltr'><strong><em>ταῖς</em></strong></span> <span class='ocrx_word' id='word_1_9' title='bbox 1214 466 1296 530; x_wconf 88' lang='grc' dir='ltr'><strong><em>συμ-</em></strong></span> 
     </span>
     <span class='ocr_line' id='line_1_3' title="bbox 147 547 1296 635; baseline 0.003 -21"><span class='ocrx_word' id='word_1_10' title='bbox 147 561 279 633; x_wconf 86' lang='grc' dir='ltr'><strong><em>φοραῖς,</em></strong></span> <span class='ocrx_word' id='word_1_11' title='bbox 302 549 367 614; x_wconf 86' lang='grc'><strong>704</strong></span> <span class='ocrx_word' id='word_1_12' title='bbox 400 549 557 632; x_wconf 69' lang='grc' dir='ltr'><strong><em>ὁμολογεῖ</em></strong></span> <span class='ocrx_word' id='word_1_13' title='bbox 578 553 616 616; x_wconf 90' lang='grc' dir='ltr'><strong>τὸ</strong></span> <span class='ocrx_word' id='word_1_14' title='bbox 639 550 823 635; x_wconf 79' lang='grc' dir='ltr'><strong><em>ἁμάρτημα,</em></strong></span> <span class='ocrx_word' id='word_1_15' title='bbox 858 549 928 615; x_wconf 83' lang='grc' dir='ltr'><strong><em>ἐπεὶ</em></strong></span> <span class='ocrx_word' id='word_1_16' title='bbox 961 547 1051 616; x_wconf 89' lang='grc' dir='ltr'><strong><em>είδευ</em></strong></span> <span class='ocrx_word' id='word_1_17' title='bbox 1084 551 1190 635; x_wconf 85' lang='grc' dir='ltr'><strong><em>αὐτὴν</em></strong></span> <span class='ocrx_word' id='word_1_18' title='bbox 1213 555 1296 633; x_wconf 91' lang='grc' dir='ltr'><strong><em>πρὸς</em></strong></span> 
     </span>
     <span class='ocr_line' id='line_1_4' title="bbox 146 654 1296 743; baseline 0.003 -25"><span class='ocrx_word' id='word_1_19' title='bbox 146 655 208 736; x_wconf 77' lang='grc' dir='ltr'><strong>την</strong></span> <span class='ocrx_word' id='word_1_20' title='bbox 240 654 424 737; x_wconf 80' lang='grc' dir='ltr'><strong><em>ἀπολογίαν</em></strong></span> <span class='ocrx_word' id='word_1_21' title='bbox 455 657 761 741; x_wconf 80' lang='grc' dir='ltr'><strong><em>δυσχεραίνουσαν,</em></strong></span> <span class='ocrx_word' id='word_1_22' title='bbox 797 656 885 743; x_wconf 87' lang='lat' dir='ltr'><strong>quod</strong></span> <span class='ocrx_word' id='word_1_23' title='bbox 919 659 995 722; x_wconf 88' lang='lat' dir='ltr'><strong>arte</strong></span> <span class='ocrx_word' id='word_1_24' title='bbox 1031 657 1189 723; x_wconf 84' lang='lat' dir='ltr'><strong>convenit</strong></span> <span class='ocrx_word' id='word_1_25' title='bbox 1223 679 1296 723; x_wconf 88' lang='lat' dir='ltr'><strong>eum</strong></span> 
     </span>
     <span class='ocr_line' id='line_1_5' title="bbox 147 759 1296 848; baseline 0.004 -25"><span class='ocrx_word' id='word_1_26' title='bbox 147 759 233 824; x_wconf 90' lang='lat' dir='ltr'><strong>Don.</strong></span> <span class='ocrx_word' id='word_1_27' title='bbox 264 759 349 824; x_wconf 85' lang='lat' dir='ltr'><strong>Eun.</strong></span> <span class='ocrx_word' id='word_1_28' title='bbox 383 760 491 824; x_wconf 84' lang='grc'><strong>7742</strong></span> <span class='ocrx_word' id='word_1_29' title='bbox 527 765 715 848; x_wconf 87' lang='lat' dir='ltr'><strong>‚postquam</strong></span> <span class='ocrx_word' id='word_1_30' title='bbox 748 779 816 827; x_wconf 89' lang='lat' dir='ltr'><strong>non</strong></span> <span class='ocrx_word' id='word_1_31' title='bbox 851 762 1001 828; x_wconf 88' lang='lat' dir='ltr'><strong>obtinuit</strong></span> <span class='ocrx_word' id='word_1_32' title='bbox 1034 761 1123 848; x_wconf 89' lang='lat' dir='ltr'><strong>qnod</strong></span> <span class='ocrx_word' id='word_1_33' title='bbox 1157 761 1296 828; x_wconf 87' lang='lat' dir='ltr'><strong>volebat</strong></span> 
     </span>
     <span class='ocr_line' id='line_1_6' title="bbox 147 862 1296 953; baseline 0.002 -23"><span class='ocrx_word' id='word_1_34' title='bbox 147 862 295 942; x_wconf 81' lang='lat' dir='ltr'>Gnatho,</span> <span class='ocrx_word' id='word_1_35' title='bbox 320 868 515 931; x_wconf 74' lang='lat' dir='ltr'><strong>assentatur</strong></span> <span class='ocrx_word' id='word_1_36' title='bbox 533 865 577 932; x_wconf 87' lang='lat' dir='ltr'><strong>ad</strong></span> <span class='ocrx_word' id='word_1_37' title='bbox 595 867 727 947; x_wconf 68' lang='lat' dir='ltr'><strong>omnia,</strong></span> <span class='ocrx_word' id='word_1_38' title='bbox 747 867 789 931; x_wconf 88' lang='lat' dir='ltr'><strong>of.</strong></span> <span class='ocrx_word' id='word_1_39' title='bbox 807 888 892 953; x_wconf 88' lang='lat' dir='ltr'><strong>qnae</strong></span> <span class='ocrx_word' id='word_1_40' title='bbox 911 870 1091 953; x_wconf 88' lang='lat' dir='ltr'><strong>praeterea</strong></span> <span class='ocrx_word' id='word_1_41' title='bbox 1107 867 1149 933; x_wconf 87' lang='lat' dir='ltr'><strong>de</strong></span> <span class='ocrx_word' id='word_1_42' title='bbox 1162 866 1296 933; x_wconf 81' lang='lat' dir='ltr'><strong>nutrice</strong></span> 
     </span>
     <span class='ocr_line' id='line_1_7' title="bbox 147 968 690 1059; baseline 0.007 -26"><span class='ocrx_word' id='word_1_43' title='bbox 147 968 285 1035; x_wconf 83' lang='lat' dir='ltr'>adhibui</span> <span class='ocrx_word' id='word_1_44' title='bbox 308 970 435 1037; x_wconf 86' lang='lat' dir='ltr'><strong>scholia</strong></span> <span class='ocrx_word' id='word_1_45' title='bbox 457 993 559 1059; x_wconf 84' lang='lat' dir='ltr'><strong>supra</strong></span> <span class='ocrx_word' id='word_1_46' title='bbox 581 995 613 1059; x_wconf 89' lang='lat' dir='ltr'><strong>p.</strong></span> <span class='ocrx_word' id='word_1_47' title='bbox 639 973 690 1037; x_wconf 90' lang='lat'><strong>11.</strong></span> 
     </span>
    </p>

    <p class='ocr_par' dir='ltr' id='par_1_3' title="bbox 147 1075 1297 2321">
     <span class='ocr_line' id='line_1_8' title="bbox 234 1075 1296 1164; baseline 0.002 -24"><span class='ocrx_word' id='word_1_48' title='bbox 234 1075 312 1142; x_wconf 88' lang='lat' dir='ltr'><strong>Non</strong></span> <span class='ocrx_word' id='word_1_49' title='bbox 335 1079 448 1142; x_wconf 88' lang='lat' dir='ltr'><strong>autem</strong></span> <span class='ocrx_word' id='word_1_50' title='bbox 481 1077 537 1142; x_wconf 84' lang='lat' dir='ltr'><strong>lex</strong></span> <span class='ocrx_word' id='word_1_51' title='bbox 572 1077 612 1143; x_wconf 88' lang='lat' dir='ltr'><strong>de</strong></span> <span class='ocrx_word' id='word_1_52' title='bbox 648 1096 778 1142; x_wconf 89' lang='lat' dir='ltr'><strong>morum</strong></span> <span class='ocrx_word' id='word_1_53' title='bbox 810 1077 1004 1144; x_wconf 82' lang='lat' dir='ltr'><strong>constantia</strong></span> <span class='ocrx_word' id='word_1_54' title='bbox 1026 1076 1109 1144; x_wconf 88' lang='lat' dir='ltr'><strong>data</strong></span> <span class='ocrx_word' id='word_1_55' title='bbox 1139 1077 1182 1142; x_wconf 80' lang='lat' dir='ltr'><strong>ad</strong></span> <span class='ocrx_word' id='word_1_56' title='bbox 1218 1099 1296 1164; x_wconf 87' lang='lat' dir='ltr'><strong>per-</strong></span> 
     </span>
     <span class='ocr_line' id='line_1_9' title="bbox 147 1181 1296 1268; baseline 0.003 -26"><span class='ocrx_word' id='word_1_57' title='bbox 147 1199 247 1245; x_wconf 86' lang='lat' dir='ltr'><strong>sonas</strong></span> <span class='ocrx_word' id='word_1_58' title='bbox 261 1181 439 1247; x_wconf 81' lang='lat' dir='ltr'><strong>affectibus</strong></span> <span class='ocrx_word' id='word_1_59' title='bbox 454 1184 564 1248; x_wconf 92' lang='lat' dir='ltr'><strong>motas</strong></span> <span class='ocrx_word' id='word_1_60' title='bbox 577 1181 739 1268; x_wconf 87' lang='lat' dir='ltr'><strong>pertinet.</strong></span> <span class='ocrx_word' id='word_1_61' title='bbox 773 1182 914 1247; x_wconf 87' lang='lat' dir='ltr'><strong>Affeotu</strong></span> <span class='ocrx_word' id='word_1_62' title='bbox 927 1181 1013 1247; x_wconf 92' lang='lat' dir='ltr'><strong>enim</strong></span> <span class='ocrx_word' id='word_1_63' title='bbox 1031 1181 1141 1268; x_wconf 88' lang='lat' dir='ltr'><strong>quivis</strong></span> <span class='ocrx_word' id='word_1_64' title='bbox 1160 1202 1296 1268; x_wconf 90' lang='lat' dir='ltr'><strong>supera·</strong></span> 
     </span>
     <span class='ocr_line' id='line_1_10' title="bbox 147 1286 1295 1374; baseline 0.001 -25"><span class='ocrx_word' id='word_1_65' title='bbox 147 1288 217 1366; x_wconf 85' lang='lat' dir='ltr'><strong>tur,</strong></span> <span class='ocrx_word' id='word_1_66' title='bbox 241 1289 280 1351; x_wconf 90' lang='lat' dir='ltr'><strong>ut</strong></span> <span class='ocrx_word' id='word_1_67' title='bbox 303 1286 461 1373; x_wconf 83' lang='lat' dir='ltr'><strong>quamdiu</strong></span> <span class='ocrx_word' id='word_1_68' title='bbox 485 1287 531 1352; x_wconf 85' lang='lat' dir='ltr'><strong>sit</strong></span> <span class='ocrx_word' id='word_1_69' title='bbox 553 1287 679 1353; x_wconf 84' lang='lat' dir='ltr'><strong>affeetu</strong></span> <span class='ocrx_word' id='word_1_70' title='bbox 703 1290 830 1368; x_wconf 77' lang='lat' dir='ltr'><strong>motae,</strong></span> <span class='ocrx_word' id='word_1_71' title='bbox 854 1286 986 1353; x_wconf 86' lang='lat' dir='ltr'><strong>tamdiu</strong></span> <span class='ocrx_word' id='word_1_72' title='bbox 1008 1286 1105 1374; x_wconf 80' lang='lat' dir='ltr'><strong>quasi</strong></span> <span class='ocrx_word' id='word_1_73' title='bbox 1126 1310 1194 1353; x_wconf 91' lang='lat' dir='ltr'><strong>non</strong></span> <span class='ocrx_word' id='word_1_74' title='bbox 1218 1286 1295 1351; x_wconf 87' lang='lat' dir='ltr'><strong>sibi·</strong></span> 
     </span>
     <span class='ocr_line' id='line_1_11' title="bbox 147 1390 1295 1478; baseline 0.003 -25"><span class='ocrx_word' id='word_1_75' title='bbox 147 1392 218 1455; x_wconf 91' lang='lat' dir='ltr'><strong>met</strong></span> <span class='ocrx_word' id='word_1_76' title='bbox 241 1393 398 1457; x_wconf 78' lang='lat' dir='ltr'><strong>constans</strong></span> <span class='ocrx_word' id='word_1_77' title='bbox 422 1392 476 1458; x_wconf 93' lang='lat' dir='ltr'><strong>sit.</strong></span> <span class='ocrx_word' id='word_1_78' title='bbox 522 1392 632 1459; x_wconf 87' lang='lat' dir='ltr'><strong>Mores</strong></span> <span class='ocrx_word' id='word_1_79' title='bbox 667 1395 779 1458; x_wconf 87' lang='lat' dir='ltr'><strong>autem</strong></span> <span class='ocrx_word' id='word_1_80' title='bbox 812 1395 914 1478; x_wconf 88' lang='lat' dir='ltr'><strong>atque</strong></span> <span class='ocrx_word' id='word_1_81' title='bbox 948 1395 1074 1458; x_wconf 89' lang='lat' dir='ltr'><strong>natura</strong></span> <span class='ocrx_word' id='word_1_82' title='bbox 1104 1390 1167 1458; x_wconf 89' lang='lat' dir='ltr'><strong>hoo</strong></span> <span class='ocrx_word' id='word_1_83' title='bbox 1197 1391 1295 1456; x_wconf 91' lang='lat' dir='ltr'><strong>modo</strong></span> 
     </span>
     <span class='ocr_line' id='line_1_12' title="bbox 147 1494 1296 1584; baseline 0.002 -26"><span class='ocrx_word' id='word_1_84' title='bbox 147 1494 220 1560; x_wconf 81' lang='lat' dir='ltr'><strong>iere</strong></span> <span class='ocrx_word' id='word_1_85' title='bbox 232 1518 298 1561; x_wconf 92' lang='lat' dir='ltr'><strong>non</strong></span> <span class='ocrx_word' id='word_1_86' title='bbox 313 1501 490 1563; x_wconf 87' lang='lat' dir='ltr'><strong>mutantur</strong></span> <span class='ocrx_word' id='word_1_87' title='bbox 500 1519 608 1584; x_wconf 88' lang='lat' dir='ltr'><strong>neque</strong></span> <span class='ocrx_word' id='word_1_88' title='bbox 621 1498 753 1563; x_wconf 91' lang='lat' dir='ltr'><strong>omnino</strong></span> <span class='ocrx_word' id='word_1_89' title='bbox 765 1520 783 1563; x_wconf 91' lang='lat' dir='ltr'><strong>e</strong></span> <span class='ocrx_word' id='word_1_90' title='bbox 795 1517 958 1584; x_wconf 87' lang='lat' dir='ltr'><strong>personae</strong></span> <span class='ocrx_word' id='word_1_91' title='bbox 976 1497 1101 1563; x_wconf 75' lang='lat' dir='ltr'><strong>affeetu</strong></span> <span class='ocrx_word' id='word_1_92' title='bbox 1120 1497 1296 1583; x_wconf 89' lang='lat' dir='ltr'><strong>quiequam</strong></span> 
     </span>
     <span class='ocr_line' id='line_1_13' title="bbox 148 1599 1295 1689; baseline -0.001 -24"><span class='ocrx_word' id='word_1_93' title='bbox 148 1599 189 1665; x_wconf 83' lang='lat' dir='ltr'><strong>de</strong></span> <span class='ocrx_word' id='word_1_94' title='bbox 211 1601 358 1667; x_wconf 88' lang='lat' dir='ltr'><strong>moribus</strong></span> <span class='ocrx_word' id='word_1_95' title='bbox 383 1602 489 1668; x_wconf 83' lang='lat' dir='ltr'><strong>conici</strong></span> <span class='ocrx_word' id='word_1_96' title='bbox 512 1602 622 1669; x_wconf 88' lang='lat' dir='ltr'><strong>debet.</strong></span> <span class='ocrx_word' id='word_1_97' title='bbox 667 1602 720 1668; x_wconf 88' lang='lat' dir='ltr'><strong>De</strong></span> <span class='ocrx_word' id='word_1_98' title='bbox 743 1624 810 1689; x_wconf 89' lang='lat' dir='ltr'><strong>qua</strong></span> <span class='ocrx_word' id='word_1_99' title='bbox 840 1624 878 1667; x_wconf 90' lang='lat' dir='ltr'><strong>re</strong></span> <span class='ocrx_word' id='word_1_100' title='bbox 899 1604 983 1667; x_wconf 87' lang='lat' dir='ltr'><strong>bene</strong></span> <span class='ocrx_word' id='word_1_101' title='bbox 1008 1605 1153 1687; x_wconf 86' lang='lat' dir='ltr'><strong>egerunt</strong></span> <span class='ocrx_word' id='word_1_102' title='bbox 1177 1599 1295 1667; x_wconf 84' lang='lat' dir='ltr'><strong>scholi·</strong></span> 
     </span>
     <span class='ocr_line' id='line_1_14' title="bbox 148 1705 1296 1795; baseline 0.001 -26"><span class='ocrx_word' id='word_1_103' title='bbox 148 1710 245 1772; x_wconf 87' lang='lat' dir='ltr'><strong>astae</strong></span> <span class='ocrx_word' id='word_1_104' title='bbox 268 1705 404 1773; x_wconf 86' lang='lat' dir='ltr'><strong>scholiis</strong></span> <span class='ocrx_word' id='word_1_105' title='bbox 427 1707 497 1772; x_wconf 89' lang='lat' dir='ltr'><strong>his:</strong></span> <span class='ocrx_word' id='word_1_106' title='bbox 522 1707 623 1795; x_wconf 90' lang='lat' dir='ltr'><strong>Hipp.</strong></span> <span class='ocrx_word' id='word_1_107' title='bbox 644 1708 707 1772; x_wconf 87' lang='grc'><strong>347</strong></span> <span class='ocrx_word' id='word_1_108' title='bbox 731 1705 900 1792; x_wconf 79' lang='lat' dir='ltr'><strong>(Phaedra</strong></span> <span class='ocrx_word' id='word_1_109' title='bbox 916 1708 1025 1790; x_wconf 75' lang='grc' dir='ltr'><strong><em>δηλοῖ)</em></strong></span> <span class='ocrx_word' id='word_1_110' title='bbox 1041 1707 1089 1771; x_wconf 83' lang='grc' dir='ltr'><strong><em>ὅτι</em></strong></span> <span class='ocrx_word' id='word_1_111' title='bbox 1114 1711 1157 1772; x_wconf 82' lang='grc' dir='ltr'><strong>ἔκ</strong></span> <span class='ocrx_word' id='word_1_112' title='bbox 1176 1729 1296 1782; x_wconf 88' lang='grc' dir='ltr'><strong><em>τινος</em></strong></span> 
     </span>
     <span class='ocr_line' id='line_1_15' title="bbox 148 1810 1297 1897; baseline 0 -22"><span class='ocrx_word' id='word_1_113' title='bbox 148 1817 270 1887; x_wconf 81' lang='grc' dir='ltr'><strong><em>θείας</em></strong></span> <span class='ocrx_word' id='word_1_114' title='bbox 294 1811 423 1897; x_wconf 79' lang='grc' dir='ltr'><strong><em>ὀργῆς</em></strong></span> <span class='ocrx_word' id='word_1_115' title='bbox 445 1823 544 1879; x_wconf 89' lang='grc' dir='ltr'><strong><em>τοῦτο</em></strong></span> <span class='ocrx_word' id='word_1_116' title='bbox 560 1825 663 1894; x_wconf 80' lang='grc' dir='ltr'><strong><em>νοσεῖ,</em></strong></span> <span class='ocrx_word' id='word_1_117' title='bbox 680 1810 1297 1894; x_wconf 81' lang='grc' dir='ltr'><strong><em>οῦκουνέκμελίτηςκαὶκακῆς</em></strong></span> 
     </span>
     <span class='ocr_line' id='line_1_16' title="bbox 149 1917 1296 2005; baseline -0.001 -25"><span class='ocrx_word' id='word_1_118' title='bbox 149 1917 346 1999; x_wconf 84' lang='grc' dir='ltr'><strong><em>φύσεως,</em></strong></span> <span class='ocrx_word' id='word_1_119' title='bbox 378 1917 479 2005; x_wconf 85' lang='lat' dir='ltr'><strong>Hipp.</strong></span> <span class='ocrx_word' id='word_1_120' title='bbox 517 1919 571 1983; x_wconf 85' lang='grc' dir='ltr'><strong>ὑπ.</strong></span> <span class='ocrx_word' id='word_1_121' title='bbox 605 1919 798 2003; x_wconf 74' lang='grc' dir='ltr'><strong><em>θεασαμένη</em></strong></span> <span class='ocrx_word' id='word_1_122' title='bbox 828 1921 887 1983; x_wconf 89' lang='grc' dir='ltr'><strong>τὸν</strong></span> <span class='ocrx_word' id='word_1_123' title='bbox 919 1923 1097 1983; x_wconf 86' lang='grc' dir='ltr'><strong><em>νεανίσκον</em></strong></span> <span class='ocrx_word' id='word_1_124' title='bbox 1120 1917 1140 2000; x_wconf 84' lang='grc' dir='ltr'><em>ἡ</em></span> <span class='ocrx_word' id='word_1_125' title='bbox 1164 1919 1296 1999; x_wconf 88' lang='grc' dir='ltr'><strong><em>Φαίδρα</em></strong></span> 
     </span>
     <span class='ocr_line' id='line_1_17' title="bbox 149 2006 1296 2107; baseline 0 -22"><span class='ocrx_word' id='word_1_126' title='bbox 149 2024 196 2098; x_wconf 88' lang='grc' dir='ltr'><strong>είς</strong></span> <span class='ocrx_word' id='word_1_127' title='bbox 219 2022 402 2107; x_wconf 73' lang='grc' dir='ltr'><strong><em>ἐπιθυμίαν</em></strong></span> <span class='ocrx_word' id='word_1_128' title='bbox 418 2026 576 2107; x_wconf 80' lang='grc' dir='ltr'><strong><em>ὤλισθεν,</em></strong></span> <span class='ocrx_word' id='word_1_129' title='bbox 594 2006 679 2089; x_wconf 41' lang='grc' dir='ltr'><strong>ὀὐκ</strong></span> <span class='ocrx_word' id='word_1_130' title='bbox 702 2024 947 2099; x_wconf 83' lang='grc' dir='ltr'><strong><em>ἀκόλαστος</em></strong></span> <span class='ocrx_word' id='word_1_131' title='bbox 970 2019 1099 2105; x_wconf 87' lang='grc' dir='ltr'><strong><em>οὖσα,</em></strong></span> <span class='ocrx_word' id='word_1_132' title='bbox 1122 2027 1296 2105; x_wconf 78' lang='grc' dir='ltr'><strong><em>πληροῦσα</em></strong></span> 
     </span>
     <span class='ocr_line' id='line_1_18' title="bbox 151 2124 1296 2213; baseline -0.001 -23"><span class='ocrx_word' id='word_1_133' title='bbox 151 2124 186 2190; x_wconf 73' lang='grc' dir='ltr'><strong>δὲ</strong></span> <span class='ocrx_word' id='word_1_134' title='bbox 217 2127 491 2212; x_wconf 88' lang='grc' dir='ltr'><strong><em>Ἀφροδίτης</em></strong></span> <span class='ocrx_word' id='word_1_135' title='bbox 523 2140 675 2213; x_wconf 79' lang='grc' dir='ltr'><strong><em>μῆνιν,</em></strong></span> <span class='ocrx_word' id='word_1_136' title='bbox 712 2130 796 2212; x_wconf 77' lang='grc' dir='ltr'><strong>ἣ..</strong></span> <span class='ocrx_word' id='word_1_137' title='bbox 830 2131 891 2212; x_wconf 81' lang='grc' dir='ltr'><strong>την</strong></span> <span class='ocrx_word' id='word_1_138' title='bbox 924 2130 1077 2211; x_wconf 80' lang='grc' dir='ltr'><strong><em>Φαίδραν</em></strong></span> <span class='ocrx_word' id='word_1_139' title='bbox 1110 2130 1159 2203; x_wconf 85' lang='grc' dir='ltr'><strong>είς</strong></span> <span class='ocrx_word' id='word_1_140' title='bbox 1190 2129 1296 2209; x_wconf 83' lang='grc' dir='ltr'><strong><em>ἔρωτα</em></strong></span> 
     </span>
     <span class='ocr_line' id='line_1_19' title="bbox 150 2229 1295 2321; baseline -0.001 -24"><span class='ocrx_word' id='word_1_141' title='bbox 150 2235 351 2318; x_wconf 83' lang='grc' dir='ltr'><strong><em>παρώρμησε</em></strong></span> <span class='ocrx_word' id='word_1_142' title='bbox 368 2234 405 2319; x_wconf 84' lang='grc' dir='ltr'><strong>Ι-),</strong></span> <span class='ocrx_word' id='word_1_143' title='bbox 440 2234 541 2321; x_wconf 89' lang='lat' dir='ltr'><strong>Hipp.</strong></span> <span class='ocrx_word' id='word_1_144' title='bbox 567 2235 629 2299; x_wconf 80' lang='lat'><strong>351</strong></span> <span class='ocrx_word' id='word_1_145' title='bbox 666 2236 744 2299; x_wconf 89' lang='grc' dir='ltr'><strong>οὐκ</strong></span> <span class='ocrx_word' id='word_1_146' title='bbox 769 2235 1048 2319; x_wconf 78' lang='grc' dir='ltr'><strong><em>ἐξείδήσεως</em></strong></span> <span class='ocrx_word' id='word_1_147' title='bbox 1080 2229 1185 2298; x_wconf 71' lang='grc' dir='ltr'><strong><em>οὐδὲ</em></strong></span> <span class='ocrx_word' id='word_1_148' title='bbox 1218 2232 1295 2296; x_wconf 84' lang='grc' dir='ltr'><strong>ἀπὸ</strong></span> 
     </span>
    </p>
   </div>
   <div class='ocr_carea' id='block_1_3' title="bbox 150 2337 1394 2425">
    <p class='ocr_par' dir='ltr' id='par_1_4' title="bbox 150 2337 1394 2425">
     <span class='ocr_line' id='line_1_20' title="bbox 150 2337 1394 2425; baseline 0 -23"><span class='ocrx_word' id='word_1_149' title='bbox 150 2349 325 2422; x_wconf 79' lang='grc' dir='ltr'><strong><em>τρυφῆς</em></strong></span> <span class='ocrx_word' id='word_1_150' title='bbox 347 2337 401 2404; x_wconf 79' lang='grc' dir='ltr'><strong>καὶ</strong></span> <span class='ocrx_word' id='word_1_151' title='bbox 425 2349 587 2423; x_wconf 79' lang='grc' dir='ltr'><strong><em>συνεχοῦς</em></strong></span> <span class='ocrx_word' id='word_1_152' title='bbox 609 2339 691 2416; x_wconf 82' lang='grc' dir='ltr'><strong><em>θέας</em></strong></span> <span class='ocrx_word' id='word_1_153' title='bbox 722 2339 789 2424; x_wconf 76' lang='grc' dir='ltr'><strong><em>ἐρᾷ,</em></strong></span> <span class='ocrx_word' id='word_1_154' title='bbox 814 2339 896 2403; x_wconf 81' lang='grc' dir='ltr'><strong><em>ἀλλὰ</em></strong></span> <span class='ocrx_word' id='word_1_155' title='bbox 918 2343 1038 2425; x_wconf 78' lang='grc' dir='ltr'><strong><em>χόλῳ</em></strong></span> <span class='ocrx_word' id='word_1_156' title='bbox 1061 2347 1133 2420; x_wconf 77' lang='grc' dir='ltr'><strong>τῆς</strong></span> <span class='ocrx_word' id='word_1_157' title='bbox 1151 2338 1298 2421; x_wconf 85' lang='grc' dir='ltr'><strong><em>Ἀφρο-</em></strong></span> <span class='ocrx_word' id='word_1_158' title='bbox 1392 2342 1394 2347; x_wconf 78' lang='grc'><strong>’</strong></span> 
     </span>
    </p>
   </div>
   <div class='ocr_carea' id='block_1_4' title="bbox 150 2442 1299 4110">
    <p class='ocr_par' dir='ltr' id='par_1_5' title="bbox 150 2442 1299 4110">
     <span class='ocr_line' id='line_1_21' title="bbox 151 2442 1295 2527; baseline -0.003 -18"><span class='ocrx_word' id='word_1_159' title='bbox 151 2445 197 2509; x_wconf 93' lang='grc' dir='ltr'><strong><em>δί</em></strong></span> <span class='ocrx_word' id='word_1_160' title='bbox 205 2468 305 2527; x_wconf 84' lang='grc' dir='ltr'><strong><em>της,</em></strong></span> <span class='ocrx_word' id='word_1_161' title='bbox 336 2444 378 2509; x_wconf 86' lang='lat' dir='ltr'><strong>of.</strong></span> <span class='ocrx_word' id='word_1_162' title='bbox 403 2443 504 2510; x_wconf 89' lang='lat' dir='ltr'><strong>sohol.</strong></span> <span class='ocrx_word' id='word_1_163' title='bbox 529 2467 593 2510; x_wconf 86' lang='lat' dir='ltr'><strong>reo.</strong></span> <span class='ocrx_word' id='word_1_164' title='bbox 619 2444 675 2509; x_wconf 91' lang='lat' dir='ltr'><strong>Or.</strong></span> <span class='ocrx_word' id='word_1_165' title='bbox 699 2444 765 2509; x_wconf 89' lang='lat'><strong>414</strong></span> <span class='ocrx_word' id='word_1_166' title='bbox 788 2444 849 2509; x_wconf 84' lang='grc' dir='ltr'><strong>οὐκ</strong></span> <span class='ocrx_word' id='word_1_167' title='bbox 873 2444 909 2508; x_wconf 83' lang='grc' dir='ltr'><strong>ἐκ</strong></span> <span class='ocrx_word' id='word_1_168' title='bbox 944 2452 1029 2510; x_wconf 82' lang='grc' dir='ltr'><strong><em>θεοῦ</em></strong></span> <span class='ocrx_word' id='word_1_169' title='bbox 1063 2445 1190 2521; x_wconf 82' lang='grc' dir='ltr'><strong><em>ἐκεῖνο,</em></strong></span> <span class='ocrx_word' id='word_1_170' title='bbox 1225 2442 1295 2508; x_wconf 83' lang='grc' dir='ltr'><strong><em>ἀλλ’</em></strong></span> 
     </span>
     <span class='ocr_line' id='line_1_22' title="bbox 150 2549 1297 2636; baseline -0.002 -22"><span class='ocrx_word' id='word_1_171' title='bbox 150 2550 186 2615; x_wconf 83' lang='grc' dir='ltr'><strong>ἐκ</strong></span> <span class='ocrx_word' id='word_1_172' title='bbox 209 2557 323 2633; x_wconf 89' lang='grc' dir='ltr'><strong><em>θυμοῦ</em></strong></span> <span class='ocrx_word' id='word_1_173' title='bbox 346 2553 383 2615; x_wconf 90' lang='grc' dir='ltr'><strong>τὸ</strong></span> <span class='ocrx_word' id='word_1_174' title='bbox 406 2549 566 2636; x_wconf 78' lang='grc' dir='ltr'><strong><em>πραχθέν,</em></strong></span> <span class='ocrx_word' id='word_1_175' title='bbox 590 2550 646 2615; x_wconf 83' lang='lat' dir='ltr'><strong>Ai.</strong></span> <span class='ocrx_word' id='word_1_176' title='bbox 660 2551 722 2615; x_wconf 94' lang='grc'><strong>421</strong></span> <span class='ocrx_word' id='word_1_177' title='bbox 747 2550 788 2617; x_wconf 85' lang='grc' dir='ltr'><strong>οὐ</strong></span> <span class='ocrx_word' id='word_1_178' title='bbox 805 2553 986 2634; x_wconf 88' lang='grc' dir='ltr'><strong><em>νεμεσητὸν</em></strong></span> <span class='ocrx_word' id='word_1_179' title='bbox 998 2552 1118 2615; x_wconf 87' lang='grc' dir='ltr'><strong><em>Αίαντι</em></strong></span> <span class='ocrx_word' id='word_1_180' title='bbox 1134 2553 1297 2632; x_wconf 80' lang='grc' dir='ltr'><strong><em>μεγαλαυ-</em></strong></span> 
     </span>
     <span class='ocr_line' id='line_1_23' title="bbox 151 2647 1298 2742; baseline -0.003 -22"><span class='ocrx_word' id='word_1_181' title='bbox 151 2663 286 2741; x_wconf 81' lang='grc' dir='ltr'><strong><em>χεῖσθαι</em></strong></span> <span class='ocrx_word' id='word_1_182' title='bbox 298 2705 306 2721; x_wconf 92' lang='grc'><strong>.</strong></span> <span class='ocrx_word' id='word_1_183' title='bbox 319 2656 398 2721; x_wconf 83' lang='grc' dir='ltr'><strong><em>ὅταν</em></strong></span> <span class='ocrx_word' id='word_1_184' title='bbox 420 2654 482 2739; x_wconf 77' lang='grc' dir='ltr'><strong>μὲν</strong></span> <span class='ocrx_word' id='word_1_185' title='bbox 498 2658 561 2739; x_wconf 80' lang='grc' dir='ltr'><strong>γάρ</strong></span> <span class='ocrx_word' id='word_1_186' title='bbox 575 2681 625 2733; x_wconf 87' lang='grc' dir='ltr'><strong><em>τις</em></strong></span> <span class='ocrx_word' id='word_1_187' title='bbox 640 2656 676 2721; x_wconf 85' lang='grc' dir='ltr'><strong>ἐν</strong></span> <span class='ocrx_word' id='word_1_188' title='bbox 691 2660 808 2742; x_wconf 83' lang='grc' dir='ltr'><strong><em>μετρίᾳ</em></strong></span> <span class='ocrx_word' id='word_1_189' title='bbox 822 2659 969 2740; x_wconf 78' lang='grc' dir='ltr'><strong><em>διαγωγῇ</em></strong></span> <span class='ocrx_word' id='word_1_190' title='bbox 992 2647 1021 2741; x_wconf 71' lang='grc' dir='ltr'><strong>ᾖ,</strong></span> <span class='ocrx_word' id='word_1_191' title='bbox 1042 2659 1114 2720; x_wconf 91' lang='grc' dir='ltr'><strong><em>τότε</em></strong></span> <span class='ocrx_word' id='word_1_192' title='bbox 1131 2656 1298 2739; x_wconf 80' lang='grc' dir='ltr'><strong><em>εὔσχημον</em></strong></span> 
     </span>
     <span class='ocr_line' id='line_1_24' title="bbox 150 2755 1297 2846; baseline -0.003 -21"><span class='ocrx_word' id='word_1_193' title='bbox 150 2756 377 2844; x_wconf 79' lang='grc' dir='ltr'><strong><em>περιστέλλειν</em></strong></span> <span class='ocrx_word' id='word_1_194' title='bbox 411 2763 451 2825; x_wconf 82' lang='grc' dir='ltr'><strong>τὰ</strong></span> <span class='ocrx_word' id='word_1_195' title='bbox 485 2759 605 2826; x_wconf 80' lang='grc' dir='ltr'><strong><em>ἑαυτοῦ</em></strong></span> <span class='ocrx_word' id='word_1_196' title='bbox 640 2766 917 2846; x_wconf 83' lang='grc' dir='ltr'><strong><em>πλεονεκτήματα,</em></strong></span> <span class='ocrx_word' id='word_1_197' title='bbox 952 2755 1297 2843; x_wconf 75' lang='grc' dir='ltr'><strong><em>ἀπηυδηκόταδὲ</em></strong></span> 
     </span>
     <span class='ocr_line' id='line_1_25' title="bbox 151 2863 1295 2951; baseline -0.003 -21"><span class='ocrx_word' id='word_1_198' title='bbox 151 2867 299 2948; x_wconf 75' lang='grc' dir='ltr'><strong><em>ἄνδρα</em></strong></span> <span class='ocrx_word' id='word_1_199' title='bbox 322 2865 384 2932; x_wconf 88' lang='grc' dir='ltr'><strong>οὐκ</strong></span> <span class='ocrx_word' id='word_1_200' title='bbox 406 2868 448 2930; x_wconf 82' lang='grc' dir='ltr'><strong>ἄν</strong></span> <span class='ocrx_word' id='word_1_201' title='bbox 469 2891 519 2943; x_wconf 89' lang='grc' dir='ltr'><strong><em>τις</em></strong></span> <span class='ocrx_word' id='word_1_202' title='bbox 545 2866 727 2951; x_wconf 72' lang='grc' dir='ltr'><strong><em>μέμψαιτο,</em></strong></span> <span class='ocrx_word' id='word_1_203' title='bbox 761 2870 792 2931; x_wconf 87' lang='grc' dir='ltr'><strong>εί</strong></span> <span class='ocrx_word' id='word_1_204' title='bbox 812 2871 1066 2951; x_wconf 81' lang='grc' dir='ltr'><strong><em>μεγαλαυχείται</em></strong></span> <span class='ocrx_word' id='word_1_205' title='bbox 1088 2869 1175 2945; x_wconf 77' lang='grc' dir='ltr'><strong><em>κτλ,</em></strong></span> <span class='ocrx_word' id='word_1_206' title='bbox 1210 2863 1295 2927; x_wconf 82' lang='lat' dir='ltr'><strong>Eun.</strong></span> 
     </span>
     <span class='ocr_line' id='line_1_26' title="bbox 151 2967 1298 3058; baseline -0.003 -22"><span class='ocrx_word' id='word_1_207' title='bbox 151 2971 216 3036; x_wconf 73' lang='lat'><strong>320</strong></span> <span class='ocrx_word' id='word_1_208' title='bbox 250 2993 344 3053; x_wconf 83' lang='lat' dir='ltr'><strong>‚non</strong></span> <span class='ocrx_word' id='word_1_209' title='bbox 377 2969 706 3058; x_wconf 85' lang='lat' dir='ltr'><strong>hoopersonae</strong></span> <span class='ocrx_word' id='word_1_210' title='bbox 729 2970 1085 3038; x_wconf 88' lang='lat' dir='ltr'><strong>attribuendum</strong></span> <span class='ocrx_word' id='word_1_211' title='bbox 1108 2972 1196 3045; x_wconf 92' lang='lat' dir='ltr'><strong>est,</strong></span> <span class='ocrx_word' id='word_1_212' title='bbox 1221 2967 1298 3033; x_wconf 90' lang='lat' dir='ltr'><strong>sed</strong></span> 
     </span>
     <span class='ocr_line' id='line_1_27' title="bbox 152 3066 1298 3164; baseline -0.004 -21"><span class='ocrx_word' id='word_1_213' title='bbox 152 3077 199 3144; x_wconf 89' lang='lat' dir='ltr'><strong>af</strong></span> <span class='ocrx_word' id='word_1_214' title='bbox 206 3077 225 3142; x_wconf 85' lang='lat' dir='ltr'><strong>f</strong></span> <span class='ocrx_word' id='word_1_215' title='bbox 232 3078 375 3159; x_wconf 79' lang='lat' dir='ltr'><strong>ectui3</strong></span> <span class='ocrx_word' id='word_1_216' title='bbox 408 3066 474 3142; x_wconf 90' lang='lat' dir='ltr'><strong>non</strong></span> <span class='ocrx_word' id='word_1_217' title='bbox 507 3077 594 3143; x_wconf 91' lang='lat' dir='ltr'><strong>enim</strong></span> <span class='ocrx_word' id='word_1_218' title='bbox 626 3076 705 3164; x_wconf 91' lang='lat' dir='ltr'><strong>qnia</strong></span> <span class='ocrx_word' id='word_1_219' title='bbox 728 3076 878 3143; x_wconf 77' lang='lat' dir='ltr'><strong>Chaerea</strong></span> <span class='ocrx_word' id='word_1_220' title='bbox 906 3081 958 3143; x_wconf 88' lang='lat' dir='ltr'><strong>est</strong></span> <span class='ocrx_word' id='word_1_221' title='bbox 982 3076 1041 3142; x_wconf 88' lang='lat' dir='ltr'><strong>sed</strong></span> <span class='ocrx_word' id='word_1_222' title='bbox 1064 3076 1143 3162; x_wconf 88' lang='lat' dir='ltr'><strong>quia</strong></span> <span class='ocrx_word' id='word_1_223' title='bbox 1166 3078 1298 3140; x_wconf 89' lang='lat' dir='ltr'><strong>amator</strong></span> 
     </span>
     <span class='ocr_line' id='line_1_28' title="bbox 152 3179 1299 3270; baseline -0.004 -21"><span class='ocrx_word' id='word_1_224' title='bbox 152 3184 235 3251; x_wconf 86' lang='lat' dir='ltr'><strong>dicit</strong></span> <span class='ocrx_word' id='word_1_225' title='bbox 259 3205 295 3249; x_wconf 89' lang='lat' dir='ltr'><strong>se</strong></span> <span class='ocrx_word' id='word_1_226' title='bbox 317 3181 563 3270; x_wconf 82' lang='lat' dir='ltr'><strong>parvifacere,</strong></span> <span class='ocrx_word' id='word_1_227' title='bbox 587 3206 684 3269; x_wconf 91' lang='lat' dir='ltr'><strong>quem</strong></span> <span class='ocrx_word' id='word_1_228' title='bbox 708 3182 905 3249; x_wconf 85' lang='lat' dir='ltr'><strong>admodum</strong></span> <span class='ocrx_word' id='word_1_229' title='bbox 929 3183 1091 3268; x_wconf 87' lang='lat' dir='ltr'><strong>potiatur,</strong></span> <span class='ocrx_word' id='word_1_230' title='bbox 1118 3179 1195 3245; x_wconf 87' lang='lat' dir='ltr'><strong>dum</strong></span> <span class='ocrx_word' id='word_1_231' title='bbox 1210 3179 1299 3266; x_wconf 90' lang='lat' dir='ltr'><strong>poti-</strong></span> 
     </span>
     <span class='ocr_line' id='line_1_29' title="bbox 152 3279 1299 3375; baseline -0.004 -20"><span class='ocrx_word' id='word_1_232' title='bbox 152 3292 252 3371; x_wconf 62' lang='lat' dir='ltr'><strong>atur,</strong></span> <span class='ocrx_word' id='word_1_233' title='bbox 289 3288 374 3353; x_wconf 85' lang='lat' dir='ltr'><strong>Eun.</strong></span> <span class='ocrx_word' id='word_1_234' title='bbox 399 3279 441 3353; x_wconf 77' lang='lat'><strong>58</strong></span> <span class='ocrx_word' id='word_1_235' title='bbox 476 3311 572 3369; x_wconf 89' lang='lat' dir='ltr'><strong>,nuno</strong></span> <span class='ocrx_word' id='word_1_236' title='bbox 604 3287 737 3354; x_wconf 88' lang='lat' dir='ltr'><strong>domino</strong></span> <span class='ocrx_word' id='word_1_237' title='bbox 770 3310 890 3353; x_wconf 86' lang='lat' dir='ltr'><strong>servus</strong></span> <span class='ocrx_word' id='word_1_238' title='bbox 922 3292 974 3353; x_wconf 89' lang='lat' dir='ltr'><strong>est</strong></span> <span class='ocrx_word' id='word_1_239' title='bbox 998 3286 1205 3375; x_wconf 84' lang='lat' dir='ltr'><strong>sapientior,</strong></span> <span class='ocrx_word' id='word_1_240' title='bbox 1239 3285 1299 3351; x_wconf 90' lang='lat' dir='ltr'><strong>sed</strong></span> 
     </span>
     <span class='ocr_line' id='line_1_30' title="bbox 152 3393 1299 3479; baseline -0.006 -19"><span class='ocrx_word' id='word_1_241' title='bbox 152 3398 304 3460; x_wconf 88' lang='lat' dir='ltr'><strong>amatore</strong></span> <span class='ocrx_word' id='word_1_242' title='bbox 330 3416 399 3459; x_wconf 91' lang='lat' dir='ltr'><strong>non</strong></span> <span class='ocrx_word' id='word_1_243' title='bbox 429 3397 565 3472; x_wconf 80' lang='lat' dir='ltr'><strong>amans‘,</strong></span> <span class='ocrx_word' id='word_1_244' title='bbox 590 3393 628 3459; x_wconf 92' lang='grc' dir='ltr'><strong>Ο.</strong></span> <span class='ocrx_word' id='word_1_245' title='bbox 654 3394 688 3458; x_wconf 83' lang='grc' dir='ltr'><strong>Ο.</strong></span> <span class='ocrx_word' id='word_1_246' title='bbox 714 3394 779 3460; x_wconf 86' lang='grc'><strong>960</strong></span> <span class='ocrx_word' id='word_1_247' title='bbox 801 3402 846 3479; x_wconf 78' lang='grc' dir='ltr'><strong>τῷ</strong></span> <span class='ocrx_word' id='word_1_248' title='bbox 869 3394 941 3457; x_wconf 77' lang='grc' dir='ltr'><strong><em>ὄντι</em></strong></span> <span class='ocrx_word' id='word_1_249' title='bbox 966 3393 984 3458; x_wconf 88' lang='grc' dir='ltr'>ὁ</span> <span class='ocrx_word' id='word_1_250' title='bbox 1009 3395 1173 3467; x_wconf 84' lang='grc' dir='ltr'><strong><em>Οἰδίπους</em></strong></span> <span class='ocrx_word' id='word_1_251' title='bbox 1196 3396 1230 3455; x_wconf 84' lang='grc' dir='ltr'><strong>εί</strong></span> <span class='ocrx_word' id='word_1_252' title='bbox 1249 3415 1299 3466; x_wconf 83' lang='grc' dir='ltr'><strong><em>τις</em></strong></span> 
     </span>
     <span class='ocr_line' id='line_1_31' title="bbox 153 3488 1298 3584; baseline -0.004 -20"><span class='ocrx_word' id='word_1_253' title='bbox 153 3502 299 3584; x_wconf 81' lang='grc' dir='ltr'><strong><em>ἀκριβῶς</em></strong></span> <span class='ocrx_word' id='word_1_254' title='bbox 334 3488 475 3576; x_wconf 77' lang='grc' dir='ltr'><strong><em>ἐξετάζοι</em></strong></span> <span class='ocrx_word' id='word_1_255' title='bbox 509 3499 667 3574; x_wconf 83' lang='grc' dir='ltr'><strong><em>ι’ίδικος</em></strong></span> <span class='ocrx_word' id='word_1_256' title='bbox 701 3496 781 3581; x_wconf 74' lang='grc' dir='ltr'><strong>μὲν</strong></span> <span class='ocrx_word' id='word_1_257' title='bbox 815 3497 893 3563; x_wconf 90' lang='grc' dir='ltr'><strong>οὐκ</strong></span> <span class='ocrx_word' id='word_1_258' title='bbox 924 3501 1031 3580; x_wconf 79' lang='grc' dir='ltr'><strong><em>ἔστιν,</em></strong></span> <span class='ocrx_word' id='word_1_259' title='bbox 1068 3497 1232 3581; x_wconf 80' lang='grc' dir='ltr'><strong><em>ἀτυχὴς</em></strong></span> <span class='ocrx_word' id='word_1_260' title='bbox 1255 3493 1298 3560; x_wconf 72' lang='grc' dir='ltr'><strong>δὲ</strong></span> 
     </span>
     <span class='ocr_line' id='line_1_32' title="bbox 153 3602 1298 3687; baseline -0.006 -18"><span class='ocrx_word' id='word_1_261' title='bbox 153 3603 205 3669; x_wconf 87' lang='grc' dir='ltr'><strong>καὶ</strong></span> <span class='ocrx_word' id='word_1_262' title='bbox 230 3607 437 3687; x_wconf 75' lang='grc' dir='ltr'><strong><em>περιπαθής,</em></strong></span> <span class='ocrx_word' id='word_1_263' title='bbox 470 3602 551 3668; x_wconf 86' lang='lat' dir='ltr'><strong>Heo.</strong></span> <span class='ocrx_word' id='word_1_264' title='bbox 575 3602 640 3668; x_wconf 78' lang='grc'><strong>825</strong></span> <span class='ocrx_word' id='word_1_265' title='bbox 675 3603 724 3667; x_wconf 88' lang='grc' dir='ltr'><strong>οῦ</strong></span> <span class='ocrx_word' id='word_1_266' title='bbox 745 3605 1019 3686; x_wconf 84' lang='grc' dir='ltr'><strong><em>μαστροπώδ</em></strong></span> <span class='ocrx_word' id='word_1_267' title='bbox 1029 3626 1091 3678; x_wconf 86' lang='grc' dir='ltr'><strong>εις</strong></span> <span class='ocrx_word' id='word_1_268' title='bbox 1125 3603 1160 3666; x_wconf 81' lang='lat' dir='ltr'><strong>oi</strong></span> <span class='ocrx_word' id='word_1_269' title='bbox 1193 3603 1298 3682; x_wconf 84' lang='grc' dir='ltr'><strong><em>λόγοι,</em></strong></span> 
     </span>
     <span class='ocr_line' id='line_1_33' title="bbox 154 3696 1298 3793; baseline -0.007 -19"><span class='ocrx_word' id='word_1_270' title='bbox 154 3707 244 3774; x_wconf 79' lang='grc' dir='ltr'><strong><em>ἀλλ’</em></strong></span> <span class='ocrx_word' id='word_1_271' title='bbox 269 3696 1209 3793; x_wconf 80' lang='grc' dir='ltr'><strong><em>ἀφαιρεθεῖσατὸντῆςτύχηςόγκονείς</em></strong></span> <span class='ocrx_word' id='word_1_272' title='bbox 1231 3712 1298 3767; x_wconf 84' lang='grc' dir='ltr'><strong>πᾶν</strong></span> 
     </span>
     <span class='ocr_line' id='line_1_34' title="bbox 154 3807 1298 3896; baseline -0.006 -18"><span class='ocrx_word' id='word_1_273' title='bbox 154 3812 269 3880; x_wconf 87' lang='grc' dir='ltr'><strong><em>ὁτιοῦν</em></strong></span> <span class='ocrx_word' id='word_1_274' title='bbox 314 3816 523 3896; x_wconf 79' lang='grc' dir='ltr'><strong><em>καταβαίνει,</em></strong></span> <span class='ocrx_word' id='word_1_275' title='bbox 568 3811 624 3878; x_wconf 85' lang='lat' dir='ltr'><strong>Or.</strong></span> <span class='ocrx_word' id='word_1_276' title='bbox 661 3813 724 3877; x_wconf 84' lang='grc'><strong>286</strong></span> <span class='ocrx_word' id='word_1_277' title='bbox 769 3812 1018 3896; x_wconf 83' lang='grc' dir='ltr'><strong><em>ἀπειρηκὼς</em></strong></span> <span class='ocrx_word' id='word_1_278' title='bbox 1051 3820 1102 3895; x_wconf 76' lang='grc' dir='ltr'><strong>τῇ</strong></span> <span class='ocrx_word' id='word_1_279' title='bbox 1136 3807 1298 3895; x_wconf 78' lang='grc' dir='ltr'><strong><em>νόσῳὸ</em></strong></span> 
     </span>
     <span class='ocr_line' id='line_1_35' title="bbox 155 3915 1298 4005; baseline -0.005 -23"><span class='ocrx_word' id='word_1_280' title='bbox 155 3917 234 4002; x_wconf 76' lang='grc' dir='ltr'><strong><em>πρὶν</em></strong></span> <span class='ocrx_word' id='word_1_281' title='bbox 267 3915 401 4002; x_wconf 74' lang='grc' dir='ltr'><strong><em>εὐσεβὲς</em></strong></span> <span class='ocrx_word' id='word_1_282' title='bbox 424 3916 505 4005; x_wconf 71' lang='grc' dir='ltr'><strong><em>ᾤετο</em></strong></span> <span class='ocrx_word' id='word_1_283' title='bbox 528 3928 592 3982; x_wconf 91' lang='grc' dir='ltr'><strong>νῦν</strong></span> <span class='ocrx_word' id='word_1_284' title='bbox 616 3918 755 3983; x_wconf 79' lang='grc' dir='ltr'><strong><em>ἀνόσιον</em></strong></span> <span class='ocrx_word' id='word_1_285' title='bbox 788 3924 899 4001; x_wconf 81' lang='grc' dir='ltr'><strong><em>καλεῖ,</em></strong></span> <span class='ocrx_word' id='word_1_286' title='bbox 932 3917 1019 3982; x_wconf 92' lang='lat' dir='ltr'><strong>Phil.</strong></span> <span class='ocrx_word' id='word_1_287' title='bbox 1044 3917 1108 3981; x_wconf 82' lang='lat'><strong>452</strong></span> <span class='ocrx_word' id='word_1_288' title='bbox 1143 3925 1298 3980; x_wconf 86' lang='grc' dir='ltr'><strong><em>νοσῶν</em></strong></span> 
     </span>
     <span class='ocr_line' id='line_1_36' title="bbox 155 4015 1299 4110; baseline -0.007 -21"><span class='ocrx_word' id='word_1_289' title='bbox 155 4027 334 4109; x_wconf 86' lang='grc' dir='ltr'><strong><em>δυσφημεῑ,</em></strong></span> <span class='ocrx_word' id='word_1_290' title='bbox 357 4023 442 4087; x_wconf 84' lang='lat' dir='ltr'><strong>Eun.</strong></span> <span class='ocrx_word' id='word_1_291' title='bbox 466 4015 575 4089; x_wconf 73' lang='grc'><strong>8482</strong></span> <span class='ocrx_word' id='word_1_292' title='bbox 601 4023 739 4110; x_wconf 85' lang='lat' dir='ltr'><strong>,primus</strong></span> <span class='ocrx_word' id='word_1_293' title='bbox 760 4029 871 4089; x_wconf 82' lang='lat' dir='ltr'><strong>metus</strong></span> <span class='ocrx_word' id='word_1_294' title='bbox 895 4022 1014 4088; x_wconf 87' lang='lat' dir='ltr'><strong>adimit</strong></span> <span class='ocrx_word' id='word_1_295' title='bbox 1030 4019 1214 4099; x_wconf 83' lang='lat' dir='ltr'><strong>eonsilium,</strong></span> <span class='ocrx_word' id='word_1_296' title='bbox 1240 4015 1299 4082; x_wconf 91' lang='lat' dir='ltr'><strong>sed</strong></span> 
     </span>
    </p>
   </div>
   <div class='ocr_carea' id='block_1_5' title="bbox 155 4256 1298 4421">
    <p class='ocr_par' dir='ltr' id='par_1_6' title="bbox 155 4256 1298 4421">
     <span class='ocr_line' id='line_1_37' title="bbox 248 4256 1298 4332; baseline -0.009 -15"><span class='ocrx_word' id='word_1_297' title='bbox 248 4265 273 4332; x_wconf 92' lang='lat'><strong>1)</strong></span> <span class='ocrx_word' id='word_1_298' title='bbox 292 4263 386 4317; x_wconf 87' lang='lat' dir='ltr'><strong>Venus</strong></span> <span class='ocrx_word' id='word_1_299' title='bbox 405 4263 448 4317; x_wconf 85' lang='lat' dir='ltr'><strong>vel</strong></span> <span class='ocrx_word' id='word_1_300' title='bbox 466 4264 515 4316; x_wconf 86' lang='lat' dir='ltr'><strong>illa</strong></span> <span class='ocrx_word' id='word_1_301' title='bbox 534 4265 602 4318; x_wconf 86' lang='grc' dir='ltr'><strong><em>θεία</em></strong></span> <span class='ocrx_word' id='word_1_302' title='bbox 622 4260 690 4332; x_wconf 77' lang='grc' dir='ltr'><strong>ὀργή</strong></span> <span class='ocrx_word' id='word_1_303' title='bbox 710 4263 838 4331; x_wconf 86' lang='lat' dir='ltr'><strong>Euripidi</strong></span> <span class='ocrx_word' id='word_1_304' title='bbox 865 4263 919 4330; x_wconf 91' lang='lat' dir='ltr'><strong>ipsi</strong></span> <span class='ocrx_word' id='word_1_305' title='bbox 944 4261 1013 4314; x_wconf 90' lang='lat' dir='ltr'><strong>nihil</strong></span> <span class='ocrx_word' id='word_1_306' title='bbox 1040 4258 1115 4314; x_wconf 88' lang='lat' dir='ltr'><strong>aliud</strong></span> <span class='ocrx_word' id='word_1_307' title='bbox 1141 4258 1194 4312; x_wconf 88' lang='lat' dir='ltr'><strong>nisi</strong></span> <span class='ocrx_word' id='word_1_308' title='bbox 1212 4256 1298 4324; x_wconf 90' lang='lat' dir='ltr'><strong>ipsius</strong></span> 
     </span>
     <span class='ocr_line' id='line_1_38' title="bbox 155 4348 1196 4421; baseline -0.007 -14"><span class='ocrx_word' id='word_1_309' title='bbox 155 4353 257 4407; x_wconf 85' lang='lat' dir='ltr'><strong>amoris</strong></span> <span class='ocrx_word' id='word_1_310' title='bbox 276 4353 329 4405; x_wconf 91' lang='lat' dir='ltr'><strong>vim</strong></span> <span class='ocrx_word' id='word_1_311' title='bbox 348 4359 431 4420; x_wconf 83' lang='lat' dir='ltr'><strong>atque</strong></span> <span class='ocrx_word' id='word_1_312' title='bbox 450 4352 578 4408; x_wconf 86' lang='lat' dir='ltr'><strong>affectum</strong></span> <span class='ocrx_word' id='word_1_313' title='bbox 598 4352 761 4421; x_wconf 82' lang='lat' dir='ltr'><strong>significavit</strong></span> <span class='ocrx_word' id='word_1_314' title='bbox 780 4354 866 4406; x_wconf 88' lang='lat' dir='ltr'><strong>etita</strong></span> <span class='ocrx_word' id='word_1_315' title='bbox 885 4351 971 4405; x_wconf 86' lang='lat' dir='ltr'><strong>voluit</strong></span> <span class='ocrx_word' id='word_1_316' title='bbox 989 4367 1048 4405; x_wconf 92' lang='lat' dir='ltr'><strong>rem</strong></span> <span class='ocrx_word' id='word_1_317' title='bbox 1066 4348 1196 4416; x_wconf 82' lang='lat' dir='ltr'><strong>intellegi.</strong></span> 
     </span>
    </p>
   </div>
   <div class='ocr_carea' id='block_1_6' title="bbox 0 0 1486 4734">
    <p class='ocr_par' dir='ltr' id='par_1_7' title="bbox 0 0 1486 4734">
     <span class='ocr_line' id='line_1_39' title="bbox 0 0 1486 4734; baseline 0 0"><span class='ocrx_word' id='word_1_318' title='bbox 0 0 1486 4734; x_wconf 95' lang='lat' dir='ltr'><strong> </strong></span> 
     </span>
    </p>
   </div>
  </div>
 </body>
</html>
