2946 4734
700 218 742 284 77

147 395 201 481 (ut
232 417 306 460 cum
337 393 527 460 scholiastis
557 393 699 480 loquar),
732 394 791 460 sed
817 394 859 460 de
890 417 1017 460 morum
1049 394 1293 462 constitutione

147 499 311 586 ampliora
334 522 401 565 non
423 499 652 585 comperimus.

237 606 364 687 Quibus
402 605 444 672 de
479 628 608 670 morum
644 605 823 691 generibus
864 627 902 671 ac
943 603 1116 691 speciebus
1158 600 1293 667 scholiis

147 717 220 779 tam
242 720 321 777 sunt
344 715 498 796 cognata,
524 713 563 776 ut
585 711 658 777 fere
681 710 834 797 separari
859 732 927 775 non
950 708 1104 788 debeant,
1134 703 1210 788 περὶ
1233 715 1293 770 τοῦ

148 817 335 900 πρέποντος
366 815 501 881 scholia.
548 815 686 882 Scilicet
709 818 824 881 exstat
851 837 920 880 non
941 835 1067 899 parvus
1091 810 1292 877 scholiorum

146 944 316 998 numerus,
341 921 510 1007 inquibus
531 920 719 1006 quaeritur,
743 922 857 985 utrum
878 919 914 985 in
929 920 1082 1005 personis
1102 915 1295 984 servaverit

147 1031 249 1113 poeta
270 1025 304 1092 id
328 1025 416 1113 quod
439 1025 566 1106 deceat,
591 1047 634 1091 an
655 1024 815 1091 indecora
845 1023 1028 1090 induxerit.
1074 1021 1294 1088 Manifestum

146 1133 257 1217 igitur
281 1136 334 1198 est
357 1136 485 1198 certam
508 1130 673 1219 quandam
697 1130 739 1196 de
762 1153 801 1196 eo
834 1130 922 1217 quod
954 1128 1072 1195 deceat
1105 1128 1293 1216 opinionem

148 1237 332 1319 exstitisse,
361 1237 511 1324 quamvis
535 1239 664 1302 certum
687 1236 783 1301 nobis
806 1237 1024 1322 pracceptum
1058 1232 1192 1300 scholiis
1226 1254 1293 1297 non

147 1343 366 1429 praebeatur.
412 1343 561 1425 Quacum
593 1341 764 1408 sententia
791 1340 988 1406 convenisse
1020 1349 1195 1426 poetarum
1217 1358 1293 1403 con·

148 1447 369 1527 suetudinem,
403 1446 444 1512 de
467 1468 534 1533 qua
555 1446 653 1512 modo
677 1446 815 1532 egimus,
849 1450 1109 1511 consentaneum
1133 1448 1195 1524 est,
1220 1465 1294 1508 cum

148 1553 331 1620 absurdum
354 1554 455 1635 foret,
489 1554 519 1620 si
540 1554 575 1619 id
596 1554 756 1619 inducere
787 1553 881 1619 soliti
903 1555 1018 1619 essent
1040 1555 1171 1638 poetae,
1203 1551 1293 1639 quod

147 1658 341 1724 indecorum
365 1660 473 1726 visum
497 1662 598 1725 esset.
643 1658 828 1725 Praeterea
845 1657 881 1723 id
895 1658 1003 1745 ipsum
1019 1658 1137 1724 decere
1154 1656 1293 1723 videtur

148 1763 347 1845 hominibus,
372 1764 459 1851 quod
483 1763 578 1830 soliti
601 1767 689 1830 sunt.
737 1764 811 1846 Quo
827 1764 953 1829 factum
971 1765 1034 1845 est,
1056 1765 1098 1828 ut
1112 1763 1293 1850 praecipue

148 1867 342 1955 Euripides„
358 1890 456 1955 quem
472 1891 585 1934 rerum
601 1891 763 1935 novarum
780 1868 1030 1954 cupidissimum
1045 1867 1150 1933 fnisse
1162 1867 1292 1947 scimuS,

150 1996 249 2060 saepe
273 1973 319 2039 sit
341 1975 558 2064 vituperatus
575 1997 596 2040 a
612 1973 813 2049 scholiastis,
838 1974 926 2059 quod
943 1977 980 2039 τὸ
995 1973 1125 2056 πρέπον
1139 1997 1207 2039 non
1222 1996 1294 2039 ser-

149 2079 312 2161 vavisset,
325 2080 419 2145 cuius
432 2079 584 2166 exempla
596 2079 758 2166 quaedam
770 2079 837 2143 iam
846 2102 877 2165 p.
890 2080 931 2144 76
944 2079 1170 2165 cognovimus.
1187 2078 1291 2144 Vides

148 2187 262 2249 autern
286 2183 371 2250 hanc
399 2183 475 2271 περὶ
505 2196 566 2250 τοῦ
589 2185 775 2267 πρέποντος
797 2184 1000 2251 sententiam
1024 2206 1098 2250 esse
1120 2184 1293 2270 propriam

151 2287 283 2374 quidem
315 2289 400 2374 legis
432 2289 474 2356 dc
506 2291 655 2356 veritate
687 2290 789 2355 datae
820 2293 961 2376 partem,
995 2311 1060 2376 quo
1087 2289 1127 2355 fit
1151 2294 1189 2355 ut
1212 2292 1295 2370 tum,

150 2414 224 2457 cum
246 2395 400 2479 generali
421 2418 483 2461 nec
513 2396 653 2482 proprio
686 2418 785 2460 sensu
816 2394 969 2460 adhibita
1002 2395 1048 2461 sit
1078 2417 1142 2458 vox
1167 2393 1296 2475 πρέπον

150 2496 207 2562 vel
232 2519 330 2564 voces
362 2500 486 2566 similes
520 2511 617 2587 (quae
645 2501 762 2566 statim
794 2501 1047 2582 enotabantur),
1081 2499 1207 2566 scholia
1239 2498 1296 2563 de-

150 2603 253 2667 bcant
287 2605 432 2670 attribui
466 2605 507 2671 de
539 2607 687 2672 veritate
716 2605 818 2692 parti,
851 2605 894 2669 ad
917 2627 1016 2691 quam
1039 2603 1192 2690 exempla
1214 2625 1295 2669 non-

150 2705 246 2771 nulla
269 2707 414 2773 exhibui.
460 2709 607 2796 Propria
629 2713 743 2776 autem
767 2709 902 2790 scholia,
927 2709 1045 2797 quibus
1071 2709 1167 2774 Dion.
1184 2707 1293 2773 Halic.

151 2810 192 2875 de
212 2816 281 2878 vet.
299 2812 416 2900 script.
433 2837 520 2880 cens.
546 2815 634 2880 locos
659 2838 712 2900 pp.
731 2816 773 2879 38
797 2819 832 2881 et
855 2815 897 2879 39
919 2818 1075 2880 enotatos
1099 2813 1293 2899 praemitto,

150 2913 233 2981 haec
265 2921 363 2984 sunt:
395 2919 497 3006 Hipp.
521 2921 577 2985 ὑπ.
601 2923 639 2985 τὸ
671 2918 867 3001 ἀπρεπὲς
891 2971 922 2984 ..
947 2919 983 2984 έν
1013 2919 1119 3005 τούτῳ
1144 2919 1295 3000 ὃιώρθω-

150 3044 203 3083 ται
235 3030 281 3107 τῷ
313 3023 464 3107 δράματι,
497 3025 586 3111 quod
615 3049 682 3090 non
712 3025 905 3110 ignoramus
937 3022 1112 3110 pertinere
1143 3021 1186 3086 ad
1217 3043 1295 3108 per-

152 3146 326 3208 sonarum,
358 3130 538 3216 praecipue
572 3130 761 3210 Phaedrae,
797 3129 1024 3216 ethopoeiam,
1058 3128 1142 3193 Ant.
1167 3127 1208 3191 65
1242 3149 1294 3190 πι-

151 3235 267 3307 θανῶς
298 3232 352 3298 καὶ
390 3246 468 3301 τοῦ
506 3235 760 3318 πρέποντος
800 3235 1018 3318 ἐφρόντισεν·
1044 3234 1125 3316 φησὶ
1158 3234 1221 3317 γὰρ
1245 3232 1294 3296 ὅτι

153 3333 402 3422 ἀπολογήσομαι
425 3353 496 3418 τοῖς
518 3343 599 3406 κατὰ
622 3345 755 3426 χθονός,
781 3341 834 3405 ΕΙ.
851 3341 934 3404 1178
957 3349 1054 3404 τοῦτο
1078 3340 1217 3403 δύναται
1240 3335 1294 3400 καὶ

151 3439 341 3527 ηἨλέιιτρα
365 3445 483 3529 λέγειν,
515 3445 881 3528 εὐπρεπέστερον
904 3443 941 3509 δὲ
964 3453 1009 3531 τῷ
1032 3453 1119 3531 χορῷ
1141 3443 1294 3523 παράκει-

150 3568 213 3626 ται,
238 3548 353 3632 ἵναμὴ
369 3552 444 3635 περὶ
460 3562 520 3617 τοῦ
537 3551 654 3634 ἑαυτῆς
676 3553 788 3626 εἴδους
803 3558 880 3636 εέπη
895 3574 936 3631 τι,
961 3548 1016 3614 Or.
1033 3550 1072 3613 71
1087 3559 1147 3613 τοῦ
1167 3562 1294 3629 προσ-

151 3653 343 3732 ηκοντος
367 3657 509 3738 ἤθους
541 3654 693 3734 ἐξέπεσεν
716 3657 733 3721 ὁ
757 3655 965 3738 Εὐριπίδης·
988 3665 1052 3719 νῦν
1075 3655 1138 3737 γὰρ
1162 3663 1295 3729 πρῶτον

152 3756 296 3840 ἀλλήλας
325 3760 552 3844 ἀποβλέπουσι
590 3760 644 3825 καὶ
679 3761 828 3844 ιἰηθως
861 3761 951 3824 πάνυ
989 3761 1064 3824 οὔτε
1095 3758 1294 3834 ἀσπάζονται

152 3867 296 3952 ἀλλήλας
319 3871 395 3934 οὔτε
418 3881 658 3954 προσφωνοῦσι
682 3874 761 3951 κτλ,
794 3870 847 3933 Ai.
871 3870 913 3933 79
936 3870 1133 3950 σκληρὸν
1164 3863 1225 3948 μὲν
1258 3867 1294 3928 τὸ

153 3974 262 4058 λέγειν
296 3975 477 4059 ἐπεγγελᾶν
508 3988 578 4052 τοῖς
610 3976 755 4061 ἐχθροῖς,
788 3975 870 4040 ἀλλὰ
897 3977 979 4049 θεός
1002 3973 1091 4036 ἐστιν
1115 3972 1176 4038 οὐκ
1199 3971 1294 4036 εὐλα-

152 4080 300 4164 βουμένη
323 4084 361 4147 τὸ
383 4084 576 4165 νεμεσητόν,
599 4083 681 4146 Ant.
699 4082 762 4146 735
785 4083 857 4165 τὸχ
879 4081 929 4145 ὅτι
952 4079 1294 4160 αὐστηρότερον

152 4186 445 4272 προσηνέχθη
477 4197 530 4269 τῷ
563 4188 714 4269 πατρί,
740 4185 809 4276 Ι741
843 4186 944 4248 πάλιν
975 4185 1012 4247 τὸ
1036 4208 1053 4266 χ
1078 4184 1134 4246 διὰ
1165 4183 1202 4245 τὸ
1229 4180 1294 4243 αὐ·

153 4298 337 4379 στηρόν,
371 4296 409 4363 Ο.
423 4295 463 4362 R.
489 4296 508 4359 9
531 4299 579 4371 εἰς
609 4305 707 4360 τοῦτο
740 4292 810 4360 scil.
834 4296 872 4358 τὸ
904 4292 1146 4374 ἀποκρίνεσθαι
1169 4299 1215 4376 τῷ
1239 4292 1293 4353 Οἰ-
