2946 4734
633 333 840 417 ..77-

148 519 348 585 amatoribus
371 517 497 598 exigere
518 515 650 598 possint.
699 514 889 591 Memineris,
912 514 937 577 si
959 515 1074 597 placet,
1097 516 1262 584 Clearetae
1284 521 1315 586 in

147 620 252 684 Plauti
283 617 432 682 Asinaria
460 616 522 680 504
536 636 615 697 sqq,
648 614 740 678 lenae
771 615 802 676 in
832 614 939 678 Plauti
968 613 1145 681 Cistellaria
1176 621 1216 683 38
1234 640 1316 703 sqq,

148 738 267 783 avarae
296 717 408 781 matris
437 717 469 778 in
498 714 638 778 Terentii
661 713 816 777 Eunucho
838 715 899 778 233
916 735 985 797 sqq.
1029 715 1200 782 Praeterea
1221 739 1316 801 prae·

148 824 242 900 cepta
272 815 451 880 meretricia
481 815 513 878 in
544 815 675 878 Luciani
707 814 841 894 dialogis
871 818 998 878 meretr.
1022 817 1050 893 3,
1073 818 1102 893 6,
1126 818 1196 894 7,8
1229 823 1316 883 certe

149 939 187 981 ex
217 917 373 980 similibus
402 914 583 977 Atticarum
613 913 794 977 fabularum
824 913 926 977 scenis
951 914 1120 979 fluxerunt.
1178 918 1221 981 At
1249 938 1314 983 non

148 1019 250 1081 solum
282 1036 300 1079 a
331 1013 491 1077 veteribus
520 1012 579 1075 illis
611 1011 832 1075 meretricibus
862 1012 999 1094 imperiti
1031 995 1179 1080 amantes
1212 1022 1314 1081 artem

150 1117 343 1180 amatoriam
367 1113 509 1187 discunt,
543 1112 599 1175 sed
628 1112 724 1176 etiam
753 1112 903 1175 meretrix
932 1113 1034 1176 maior
1063 1118 1144 1177 natu
1172 1124 1335 1179 sororem

148 1217 317 1291 minorem,
341 1232 460 1294 gnarus
482 1211 670 1276 adulescens
694 1212 852 1292 ignarum,
880 1213 1029 1276 meretrix
1053 1218 1231 1279 amatorem
1254 1216 1315 1280 hac

149 1315 316 1396 disciplina
339 1313 497 1376 imbuunt.
540 1312 590 1375 Sic
606 1313 742 1376 edocent
759 1313 789 1376 in
808 1312 912 1376 Plauti
926 1313 1070 1377 Poenulo
1083 1315 1314 1397 Adelphasium

148 1417 304 1478 minorem
327 1432 479 1489 sororem,
501 1412 532 1474 in
548 1412 680 1475 Luciani
703 1412 776 1475 dial.
794 1414 907 1477 mer.8
928 1414 1071 1494 Ampelis
1094 1415 1180 1479 aliud
1201 1436 1312 1480 recens

148 1519 308 1589 scortum,
340 1514 371 1576 in
401 1512 506 1575 Plauti
535 1511 725 1575 Trinummo
756 1513 923 1596 Lysiteles,
957 1515 1012 1596 qui
1038 1514 1159 1579 ‘omnes
1187 1517 1316 1580 Amoris

149 1615 218 1676 vias
240 1613 346 1688 tenet',
369 1611 589 1688 Lesbonicum,
614 1612 645 1674 in
668 1612 863 1677 Truculento
885 1614 1078 1696 Astaphium
1101 1615 1314 1696 despoliatum

149 1712 367 1776 Diniarcbum.
417 1710 665 1788 Quodammodo
688 1712 770 1775 inter
791 1713 911 1776 amoris
933 1714 1102 1794 magistros
1125 1716 1316 1779 numerandi

148 1818 219 1876 sunt
252 1812 333 1875 servi
363 1831 492 1893 quoque
523 1811 563 1873 illi
590 1812 719 1890 comici,
751 1813 807 1894 qui
837 1813 881 1876 eri
903 1812 974 1875 filiis
997 1799 1183 1878 amantibus
1203 1815 1318 1896 nequi-2

148 1915 267 1977 tiarum
291 1912 555 1975 adiutoressunt.

232 2015 297 2077 lam
329 2032 404 2075 vero
432 2011 562 2092 elegiaci
592 2011 814 2074 Romanorum
848 2017 964 2092 poetae
996 2014 1141 2078 similiter
1171 2033 1314 2078 amorem

147 2114 238 2196 qnasi
257 2116 358 2176 artem
377 2115 408 2174 et
423 2110 621 2192 disciplinam
640 2110 826 2192 depingunt.
860 2111 987 2175 Scilicet
1011 2113 1043 2176 in
1061 2114 1157 2195 elegis
1172 2113 1313 2194 plerum-

148 2234 211 2295 que
232 2214 327 2293 poeta
351 2211 418 2291 ipse
440 2210 558 2273 amoris
581 2210 733 2290 magister
755 2211 885 2289 exsistit,
908 2213 994 2276 velut

182 2311 282 2364 Tibull.
301 2310 313 2361 l
332 2310 450 2376 6‚9sqq.
520 2322 523 2326 ’

323 2396 379 2466 ipae
399 2395 480 2450 miser
499 2396 586 2460 docui,
604 2414 657 2465 quo
676 2402 765 2467 posset
784 2398 877 2453 ludere
894 2401 976 2468 pacto

390 2482 528 2536 custodes:
548 2483 615 2537 heu!
634 2485 704 2539 heu!
723 2502 796 2538 nunc
813 2502 923 2554 premor
940 2488 999 2539 arte
1018 2502 1080 2539 mea
1097 2501 1151 2552 eqs.

182 2570 260 2624 Ovid.
280 2587 364 2624 amor.
382 2570 405 2623 ll
425 2567 466 2635 18,
478 2569 511 2622 20

322 2657 348 2711 ei
366 2655 448 2708 mihi!
473 2657 626 2725 praeceptis
645 2674 745 2727 urgeor
762 2657 820 2725 ipse
838 2655 912 2709 meis.

183 2744 282 2797 Tibull.
303 2743 314 2796 l
333 2743 359 2806 4,
372 2743 404 2795 75
415 2759 454 2810 sq.

491 2843 537 2879 vos
556 2844 599 2881 me
618 2826 754 2881 celebrate
772 2825 946 2895 magistmm,

322 2932 389 2984 quos
405 2915 477 2968 male
496 2914 580 2968 habet
599 2913 687 2967 multa
705 2912 818 2967 callidus
836 2914 896 2966 arte
913 2926 982 2980 puer
1000 2925 1053 2976 eqs.

184 3003 286 3057 Tibull.
306 3002 318 3055 Ι
337 3003 361 3068 8,
372 3003 387 3054 5
397 3018 455 3070 sqq.

324 3089 384 3157 ipsa
402 3089 492 3140 Venus
512 3085 617 3155 rnagico
637 3083 784 3152 religatum
803 3080 932 3134 bracchia
949 3077 1021 3132 nodo

392 3173 535 3242 perdocuit
553 3170 647 3224 multis
665 3186 719 3223 non
740 3168 798 3222 sine
814 3164 977 3220 verberibus.

149 3263 247 3327 Haud
269 3262 361 3325 aliter
382 3260 568 3342 Propertius
590 3258 738 3341 peritiam
760 3275 853 3319 suam
874 3256 989 3317 nactus
1011 3255 1072 3315 est:

185 3363 264 3429 Prop.
286 3361 298 3413 Ι
317 3362 341 3421 9,
352 3360 366 3411 7
378 3377 416 3427 sq.

323 3463 367 3500 me
385 3446 462 3498 dolor
481 3446 509 3497 et
527 3441 655 3496 lacrimae
675 3439 773 3493 merito
793 3438 879 3492 fecere
897 3435 1031 3505 peritum:

396 3533 479 3599 atque
498 3529 606 3582 utinam
626 3526 714 3596 posito
733 3525 809 3578 dicar
827 3539 919 3578 amore
937 3521 1025 3575 rudis!

185 3629 267 3696 Prop.
287 3627 327 3679 III
347 3627 371 3694 8,
385 3626 463 3692 usq.

328 3713 370 3765 his
388 3728 440 3779 ego
459 3708 603 3765 tormentis
622 3705 708 3760 animi
727 3721 786 3755 sum
805 3719 882 3755 verus
902 3700 1046 3767 haruspex,

397 3798 446 3852 has
465 3795 549 3849 didici
567 3796 640 3847 certo
659 3807 738 3858 saepe
757 3788 786 3840 in
805 3804 897 3842 amore
916 3791 1003 3840 notas.

190 3886 267 3940 Adde
285 3885 364 3939 ovid.
383 3901 468 3938 amor.
488 3883 510 3934 ll
531 3882 595 3950 aot
613 3897 651 3946 sq.

328 3971 378 4025 illa
395 3970 448 4023 nisi
466 3968 495 4021 in
514 3968 584 4021 lecto
603 3980 737 4032 nusquam
757 3962 870 4028 potuere
889 3955 987 4011 doceri.

399 4055 490 4110 nescio
509 4053 569 4122 quis
588 4050 707 4121 pretium
725 4045 830 4116 grande
848 4042 981 4113 magister
998 4039 1090 4094 habet.

153 4148 314 4211 Nimirum
348 4144 424 4208 artis
448 4141 625 4206 amatoriae
654 4139 749 4218 poeta
778 4155 811 4196 se
834 4134 937 4214 ipsum
962 4128 1070 4191 multis
1091 4125 1168 4189 locis
1190 4119 1322 4186 amandi
