2946 4734
673 215 713 278 55

109 397 141 456 et
172 393 266 457 latius
295 393 457 469 tractavit,
489 393 532 455 ita
554 398 609 469 „nt
636 414 674 455 cx
696 391 785 456 illins
814 391 1039 458 consolationis
1063 393 1272 475 fniidoinento

108 495 201 577 qnasi
220 503 364 573 surperct
388 493 648 557 Tnscnlonornn
669 494 920 572 disputationum
944 495 1155 575 acdificinin“‚
1184 495 1270 576 quod

108 592 249 656 Buresch
280 594 462 672 fragmentis
482 592 709 657 Ciceronianae
736 594 958 658 consolationis
986 613 1058 657 cum
1082 594 1271 658 Tusculanis

107 693 371 774 disputationibus
387 695 574 776 scriptisque
591 693 785 757 Graecorum
802 694 1062 776 philosophorum
1078 693 1270 774 comparatis

107 792 194 856 haud
215 795 282 856 sine
304 792 441 856 veritatis
462 794 565 874 specie
585 792 813 857 demonstravit
836 796 878 876 (p.
901 792 1067 874 95-108).

188 909 336 974 Ceterum
354 909 503 990 epistulas
531 909 757 974 consolatorias
778 909 887 975 Cicero
908 912 1035 993 scripsit
1060 912 1102 974 ad
1123 911 1269 994 Torqua-

106 1012 174 1072 tum
197 1011 285 1086 tlam.
307 1012 335 1073 6.
356 1011 414 1087 3.),
441 1010 491 1073 ad.
514 1009 555 1072 Μ.
577 1010 712 1073 Brutum
735 1010 774 1072 de
800 1015 901 1074 morte
924 1011 1054 1075 Porciae
1078 1013 1183 1074 uxoris
1206 1014 1266 1092 (ep.

104 1108 192 1172 Brut.
216 1107 264 1191 9),
299 1114 329 1173 et
349 1109 465 1174 Titium
496 1111 665 1175 liberorum
696 1110 819 1173 obitum
849 1111 1086 1174 immoderatius
1114 1110 1266 1173 ferentem

105 1210 194 1289 (lam.
225 1211 254 1273 5.
283 1205 343 1290 16).
386 1208 433 1273 De
460 1208 581 1273 Seneca
611 1213 720 1273 autem
751 1211 1001 1274 consolationum
1032 1215 1160 1274 auctore
1188 1211 1268 1274 intra

104 1328 208 1389 agam.
240 1310 375 1391 Jamque
385 1309 426 1372 ad
445 1310 589 1373 carmina
605 1329 740 1373 romana
759 1312 946 1392 antiquioris
958 1311 1109 1390 temporis
1125 1310 1266 1373 devenio.

184 1429 213 1490 ἰ).
235 1426 428 1491 Graecorum
466 1424 593 1506 ἰάλεμοι
629 1428 678 1490 vel
721 1425 903 1507 ὀλοφυρμοί
929 1427 1045 1492 similes
1076 1426 1203 1490 fuerunt
1234 1428 1266 1489 ni

102 1527 193 1592 fallor
210 1527 431 1592 Romanorum
446 1526 625 1603 naeniis,
648 1546 731 1608 quae
750 1526 894 1590 carmina
912 1528 943 1589 iu
963 1531 1160 1590 mortuorum
1175 1525 1264 1589 fune·

104 1628 190 1691 rihus
210 1627 432 1691 cantabantur.
474 1625 563 1689 lllum
585 1647 713 1709 quoque
736 1647 856 1690 morem
884 1647 955 1689 cum
979 1626 1104 1690 Graecis
1125 1627 1264 1690 Romani

103 1728 283 1791 habueruut
305 1745 526 1802 communem,
560 1730 595 1790 ut
615 1727 761 1789 mulieres
791 1726 832 1788 ad
859 1725 972 1788 lunera
1003 1727 1263 1804 conducerentur,

99 1846 184 1910 quae
206 1830 281 1890 ante
303 1827 436 1889 domum
459 1825 575 1889 mortui
595 1825 704 1889 laudes
725 1826 791 1889 eius
808 1828 958 1888 canerent
972 1823 1003 1904 ¹).
1049 1824 1144 1905 Apud
1166 1823 1264 1887 Grae-

100 1946 153 1990 cos
177 1927 260 1991 enim
279 1922 449 2007 nunciam)
472 1925 522 1989 vel
539 1926 708 2003 drumart)
731 1925 897 1989 ululabant
920 1925 962 1988 ad
982 1925 1130 1988 tibiarum
1149 1943 1264 1987 sonum

100 2025 353 2100 lamentabilem3
375 2026 460 2106 apud
473 2025 639 2089 Romanos
654 2029 762 2088 autem
780 2024 842 2088 hae
855 2025 1001 2087 mulieres
1018 2023 1263 2105 appellabantur

100 2125 308 2208 praeficae⁴)‚
336 2145 471 2206 quarum
501 2125 645 2189 carmina
675 2125 717 2189 ab
747 2125 819 2206 ipsis
849 2125 1025 2206 composita
1047 2124 1139 2186 ratde
1171 2127 1263 2186 erant

99 2229 206 2307 inepta
228 2229 260 2289 et
281 2224 475 2306 iucunditati
498 2225 589 2289 itaut
603 2229 783 2306 posteavox
796 2226 927 2287 naeniae
940 2222 1015 2285 nihil
1035 2224 1119 2286 aliud
1144 2223 1262 2303 signifi-

98 2330 184 2390 caret
194 2331 290 2408 atque
304 2324 453 2407 nugast).
476 2325 616 2390 Naeuiae
626 2330 734 2388 autem
745 2345 783 2388 ex
796 2325 872 2388 Asia
883 2323 1006 2387 venisse
1016 2324 1174 2398 videntur,
1188 2343 1261 2386 cum

97 2427 250 2491 derivatio
272 2446 310 2490 ex
330 2427 395 2489 ulla
415 2427 512 2507 stirpe
537 2426 634 2489 latina
658 2445 722 2490 nou
739 2428 902 2507 appareat,
925 2424 980 2488 secl
1003 2422 1089 2504 apud
1107 2421 1261 2502 Phrygios

95 2527 259 2591 inventum
282 2525 322 2588 sit
344 2524 535 2589 vocabulum
557 2525 596 2586 cd
613 2529 763 2606 οηοίατοο
777 2525 957 2605 significans
977 2521 1116 2602 Φρύγιον
1130 2521 1223 2601 μέλος
1236 2519 1260 2599 ⁷)

95 2628 126 2690 id
148 2630 195 2688 est
216 2645 345 2689 carmen
369 2625 512 2704 lugubre.
549 2625 731 2689 Ridiculum
751 2625 959 2688 imitationem
984 2623 1117 2686 naeniae
1139 2621 1260 2684 Seneca

95 2728 225 2792 inseruit
244 2724 453 2807 Apotheosi⁸)
477 2723 515 2807 (c.
542 2724 602 2806 12).

163 2927 189 2993 l)
206 2926 304 2980 Varro.
322 2925 339 2977 l.
358 2925 376 2977 l.
395 2924 419 2977 7.
439 2924 480 2977 co.

160 3014 186 3081 2)
205 3012 355 3066 Menander
381 3010 490 3078 scripsit
514 3010 681 3065 comoediam
707 3011 750 3063 cui
769 3009 870 3063 titulus
888 3012 948 3062 erat
968 3010 1068 3075 Kopion
1088 3005 1188 3058 Athen.
1210 3003 1257 3063 lV,

92 3118 117 3167 p.
139 3100 201 3168 ll5;
220 3098 336 3166 Hesych.
360 3116 379 3150 Β,
397 3116 421 3151 v.
438 3099 558 3167 Kaplmc·
588 3100 718 3170 θρηνῳδοὶ
734 3103 858 3159 μουσικοί,
877 3099 907 3146 ul'
920 3103 979 3153 τούς
999 3095 1095 3161 teupulo
1115 3093 1149 3160 τῷ
1169 3091 1256 3156 θρήνῳ

93 3193 294 3258 οαραπέμποιοι
311 3187 375 3253 πρός
390 3186 439 3258 nde
458 3186 540 3245 ταφοές
557 3188 608 3238 etc.

161 3273 189 3341 3)
211 3271 306 3326 Aescb.
325 3271 444 3339 Choeph.
465 3274 524 3326 423.

159 3358 187 3427 4)
204 3357 295 3411 Plaut.
315 3357 395 3411 Truc.
415 3359 440 3412 2.
460 3361 484 3412 6.
503 3360 549 3412 ll:
568 3360 684 3428 praefica
702 3377 773 3428 quae
791 3359 860 3413 alios
878 3359 1032 3427 collaudat3

203 3442 309 3497 Nonius
331 3462 350 3497 s.
374 3462 398 3497 v.
424 3445 569 3512 praeficae:
593 3445 656 3500 dein
682 3445 808 3499 naeniam
832 3447 943 3499 cantare
966 3445 1075 3499 solitam
1099 3445 1132 3496 ad
1157 3443 1254 3497 tibiam

203 3533 232 3583 et
249 3528 329 3594 fides;
352 3561 376 3568 -
401 3530 468 3585 haec
485 3532 583 3586 mulier
603 3532 724 3587 vocitata
743 3532 807 3586 olim
827 3532 944 3601 praefica
968 3531 1107 3600 usquead
1126 3530 1253 3598 punicum

198 3615 312 3669 bellum.

159 3703 189 3768 5)
206 3700 313 3756 Nonius
332 3702 388 3756 145.

158 3787 188 3854 6)
206 3786 299 3841 Plaut.
319 3787 394 3842 Asin.
412 3790 437 3842 4.
455 3791 476 3843 l.
494 3790 540 3843 63:
558 3789 626 3843 haec
644 3792 709 3843 sunt
727 3807 783 3844 non
801 3806 907 3860 nugae3
926 3807 981 3842 non
1000 3789 1071 3842 enim
1095 3788 1251 3842 mortualia.

160 3874 187 3942 7)
205 3873 259 3928 Cic.
279 3874 332 3942 leg.
353 3875 376 3927 2.
394 3875 435 3928 24.
454 3874 505 3944 62;
525 3876 632 3930 Pollux.
651 3881 675 3929 4.
696 3879 728 3930 79
747 3894 780 3931 ex
798 3877 979 3946 Hipponacte.

158 3959 186 4030 8)
203 3959 374 4030 Apotheouin
398 3977 457 4015 esse
483 3978 577 4016 verum
607 3962 722 4017 titulum
746 3963 803 4017 ludi
827 3963 862 4018 de
887 3969 975 4019 morte
998 3962 1106 4019 Claudii
1130 3959 1252 4016 Caesario

91 4046 247 4115 nuperrima
265 4047 465 4104 demonstravit
483 4048 533 4104 Tb.
552 4049 612 4103 Birt
630 4050 659 4104 iu
677 4050 732 4106 ind.
752 4052 815 4106 lect.
850 4051 937 4106 Marb.
956 4052 1039 4108 hiem.
1061 4049 1133 4107 1888.
