2946 4734
720 221 760 285 25

158 395 203 457 10.
216 394 346 476 πλούτῳ
364 423 400 461 τε
421 394 620 475 κυῖγαθοίσιν
641 398 777 477 ἵξεσθαι
801 404 902 486 φίλος·

216 503 341 584 φθόνει
362 509 399 570 δὲ
420 510 478 572 τδν
497 516 558 591 μὲν
579 503 676 584 γῆρας
697 498 813 588 ἄζηλον
836 507 948 590 λοβόν,

214 609 293 688 πρὶν
316 611 405 690 τέρμ’
429 608 554 693 ἵκηται·
584 612 658 684 τούς
679 610 716 672 δὲ
737 607 891 690 δύστηνοι
910 607 1002 673 νόσοι

216 712 390 790 ηθείρουσι
410 715 553 794 θνητῶν·
571 712 648 784 τούς
672 710 700 772 δ’
713 707 798 790 ’Άρει
820 709 1042 791 δεδμημένους

213 819 338 891 πέμπει
357 811 510 895 μελαίνης
529 813 630 895 Ἀΐδης
650 811 719 874 orco
740 809 870 889 χθονός.

154 912 201 973 15.
216 908 247 971 οἱ
266 909 295 970 δ’
319 911 354 971 ἐν
375 910 532 997 θαλάσση
554 910 915 989 carlamannum

212 1010 265 1071 καὶ
287 1008 430 1090 κύμασιν
451 1012 622 1076 πολλοῖσιν
644 1014 811 1093 πορηυρῆς
829 1008 906 1081 οἱλός

212 1110 402 1194 θνήσκουσι,
420 1101 486 1175 εὖτ’
508 1108 550 1174 ῶν
574 1111 619 1198 μή
642 1108 846 1195 δυνήσονται
868 1105 960 1186 ζόειν.

214 1211 244 1273 oi
265 1212 294 1273 δ’
312 1210 452 1295 ἀγχόνην
474 1210 609 1297 δίψαντο
631 1210 782 1293 δυστήνῳ
803 1209 903 1290 μόρῳ,

212 1311 422 1393 καύτόγρετοι
443 1313 593 1376 λείπουσι
613 1310 704 1398 ἡλίου
727 1309 820 1392 φόος.

151 1415 201 1478 90.
214 1408 298 1474 ohe
320 1414 427 1473 κακῶν
447 1411 508 1473 α’π’
529 1411 634 1474 οὐδέν·
656 1410 741 1473 α’λλδ
762 1413 873 1491 μυρίαι

211 1516 355 1594 βροτοῖσι
376 1515 468 1595 κῆρες
489 1513 752 1592 κυῖνεπίφραστοι
773 1508 849 1571 δύαι

213 1613 266 1673 καί
290 1610 415 1696 πήμαῶ
436 1613 536 1675 ἐστίν·
569 1611 603 1674 εί
622 1611 668 1672 δέ
687 1633 755 1690 μοι
776 1612 996 1686 πιθοίατο,

213 1712 283 1774 ούκ
305 1709 353 1774 όν
374 1716 506 1773 κακῶν·
529 1714 699 1793 ἐρῶμεν,
722 1709 803 1772 οὐδ’
824 1711 888 1771 ἐπ’
910 1705 1081 1788 ἄλγεσιν
1177 1717 1180 1722 “

213 1817 354 1884 κακοῖς
376 1814 538 1891 ἔχοντες
561 1813 703 1892 θυμόν
726 1809 1000 1890 αίκιζοίμεδα.

232 1928 368 1991 Easdem
390 1929 562 1991 sententias
583 1928 643 1991 hoc
663 1928 695 1990 in
711 1928 852 1991 carmine
866 1926 1045 1990 Simonides
1066 1922 1212 2006 exprimit
1234 1942 1315 2004 quas

151 2028 376 2091 Archilochus:
406 2027 506 2091 vitam
529 2027 705 2090 humanam
727 2047 794 2091 esse
819 2028 950 2090 brevem
972 2025 1106 2106 fatisque
1129 2025 1314 2096 subiectam,

149 2148 254 2208 neque
271 2147 467 2209 quemquam
484 2128 571 2204 scire,
587 2128 716 2209 quando
730 2128 789 2191 sibi
806 2126 965 2191 destinata
979 2127 1018 2189 sit
1029 2147 1115 2190 mors
1131 2121 1314 2206 (vu.1-5);

150 2229 227 2310 quid
256 2227 352 2308 igilur
379 2228 498 2303 iuvare,
528 2229 616 2310 quod
644 2228 695 2292 alii
724 2229 787 2291 alia
814 2231 988 2302 sectentur,
1018 2247 1093 2290 curn
1121 2222 1313 2304 necopinato

151 2348 234 2391 mors
263 2326 304 2390 sit
328 2331 464 2390 ventura
492 2331 523 2390 et
554 2327 670 2390 mirum
703 2332 781 2409 quot
810 2326 914 2389 modis
944 2326 1089 2389 homines
1117 2327 1314 2406 abreptum?

150 2427 287 2507 (tt—⁶2⁶2).
330 2423 458 2502 Quare
488 2431 665 2490 commotus
692 2427 832 2507 gaudere
854 2426 1033 2489 Simonides
1060 2426 1146 2489 iubet
1170 2425 1313 2488 homines

149 2528 250 2590 donec
272 2525 365 2589 liceat
386 2523 543 2606 (ill—Al).
583 2526 727 2590 Eundem
757 2528 819 2590 lere
841 2545 970 2590 sensum
991 2526 1078 2589 aliud
1098 2526 1312 2607 fragmentum

147 2626 289 2707 praebet,
318 2645 383 2707 quo
405 2625 550 2689 homines
571 2626 760 2690 adhortatur
781 2632 885 2708 poeta,
913 2631 949 2691 ut
972 2627 1072 2690 vitam
1100 2645 1201 2707 parvo
1231 2630 1312 2689 tem·

147 2724 233 2806 poris
256 2725 359 2804 spatio
380 2725 551 2788 coercitam
570 2725 652 2789 laete
675 2726 805 2806 degant,
828 2726 886 2806 lrg.
909 2727 944 2789 3:

209 2821 329 2895 πολλός
349 2822 409 2904 γαρ
430 2822 508 2905 ήμῐν
529 2823 691 2886 τεθνάναι
712 2825 833 2906 χρόνος,

208 2925 311 3001 ζῶμεν
335 2922 363 2982 δ’
384 2921 518 3002 οἷριθμῶ
537 2925 651 3003 παῦρα
671 2924 724 2985 καὶ
746 2926 849 2996 κακῶς
869 2924 934 3006 ἔτη.

150 3023 319 3086 Praeterea
330 3021 391 3084 alio
408 3022 583 3101 fragmento
600 3028 717 3099 monet,
733 3044 774 3089 ne
790 3025 906 3089 diutius
919 3026 1151 3106 comploremus
1167 3028 1311 3089 mortuos
1351 3099 1354 3103 ¹

148 3141 245 3204 quam
265 3141 322 3202 per
342 3140 444 3184 unum
466 3125 593 3185 tantum
615 3123 706 3200 diem,
728 3124 785 3204 srg.
809 3126 846 3188 A:

207 3222 267 3280 τοῦ
285 3223 347 3299 μὲν
366 3219 528 3292 θανόντος
548 3220 606 3282 ούκ
625 3219 668 3283 όν
689 3223 933 3304 ε’νθυμοίμεθα,

210 3318 289 3381 εἴτι
310 3323 496 3399 ηρονοΐμεν,
519 3318 633 3382 πλεῖον
657 3320 773 3404 ἡμέρης
793 3327 875 3407 μιῆς.

149 3435 218 3512 Qua
240 3436 272 3499 in
294 3435 453 3499 sententia
474 3435 652 3502 Simonides
674 3439 807 3505 fortasse
825 3447 952 3507 secutus
974 3448 1021 3508 est
1043 3442 1230 3523 Homerum,
1258 3445 1313 3528 qui

149 3535 246 3598 simile
269 3534 389 3617 aliquid
411 3535 532 3615 profert
553 3537 583 3598 ll.
607 3538 689 3601 XIX.
712 3539 817 3611 acaia:

209 3631 293 3694 α’λλοὶ
315 3635 378 3718 χρή
399 3634 458 3694 τδν
479 3638 540 3714 μὲν
557 3637 789 3700 καταθάπτειν
811 3635 845 3712 dg
865 3662 900 3700 κε
921 3639 1076 3722 θοίνῃσιν,

211 3731 309 3814 νηλέα
330 3734 443 3813 θυμόν
466 3737 593 3813 ἔχοντες
614 3737 681 3798 ἐπ’
702 3733 827 3820 ήματι
849 3739 870 3801 δ
879 3742 1146 3822 ακρύσαντίς.

228 3848 324 3929 Apud
339 3850 568 3915 Archilochum
589 3853 683 3933 igitur
706 3860 738 3919 et
753 3856 946 3920 Simonidem
969 3876 1033 3920 non
1052 3857 1231 3922 invenimus
1251 3858 1311 3922 nisi

149 3953 371 4025 argumentum
392 3952 531 4030 primum
552 3952 629 4016 deos
649 3955 776 4019 mittere
795 3955 992 4020 calamitates
1014 3959 1044 4020 et
1061 3977 1126 4019 uno
1141 3957 1210 4020 loco
1227 3958 1312 4037 apud

148 4046 375 4111 Archilochum
395 4051 493 4113 etiarn
515 4052 671 4132 quintum,
695 4055 782 4136 quod
802 4061 848 4118 est
871 4056 910 4118 de
932 4054 1105 4118 funeribus.
