2946 4734
712 257 755 322 a
787 212 793 221 .

149 433 353 520 recogitatio
375 434 491 500 reddit
511 431 756 499 confidentiam‘
771 431 813 497 ef.
827 432 900 498 849.
916 432 944 515 1,
961 430 1094 517 eoliigit
1109 453 1147 498 ee
1161 452 1297 498 rursum

150 539 194 604 ad
215 537 457 625 impudentiam
481 537 653 621 Chaerea‘,
681 536 737 602 Ai.
763 537 828 603 684
850 536 922 622 ὅρα,
945 540 1052 603 πόσον
1075 536 1296 621 ἐπικρατεῖται

149 645 215 709 ὑπὸ
246 654 307 709 τοῦ
337 645 470 720 πάθους
494 646 511 710 ὁ
535 647 715 727 λογισμός·
739 643 757 708 ὁ
780 643 819 706 τά
853 644 1029 726 σοφώτατα
1073 651 1159 724 γοῦν
1192 642 1296 708 εἰπὼν

150 746 271 814 ἑαυτὸν
305 748 444 832 ἀναιρεῖ,
480 749 524 815 of.
548 748 651 814 etiam
681 747 736 813 Ai.
760 749 840 832 8623
872 747 959 814 Med.
984 747 1048 812 899
1080 746 1146 813 άπὸ
1175 748 1297 812 τούτου

150 858 304 937 φαίνεται
328 856 439 937 τὸμὴ
472 855 577 918 κατὰ
607 858 874 938 προαίρεσιν
903 853 1007 936 αὐτὴν
1030 852 1138 935 ὁρμᾶν
1159 848 1214 917 ἐπὶ
1238 853 1296 917 τὸν

151 961 267 1043 φόνον,
293 959 379 1025 ὅπου
401 983 438 1043 γε
462 964 635 1042 περιαλγεῖ
664 960 725 1041 τὴν
758 960 869 1042 ψυχὴν
891 966 936 1046 τῷ
965 958 1085 1040 πάθει,
1119 956 1206 1022 ἀλλὰ
1227 958 1296 1022 διὰ

149 1065 193 1128 τὸ
217 1071 593 1147 προτεθυμῆσθαι
624 1064 817 1146 ἀμύνασθαι
848 1066 908 1128 τὸν
928 1063 1066 1144 Ἰάσονα,
1097 1060 1185 1128 Med.
1211 1061 1295 1128 1055

150 1169 219 1232 ἔστι
242 1172 379 1252 μίμησις
394 1171 518 1251 μητρὸς
541 1170 589 1234 οὐ
613 1166 872 1250 προαιρέσει
896 1166 1059 1252 άνάγκγ
1082 1163 1204 1232 diseio
1218 1169 1296 1242 τοὺς

149 1273 294 1358 ἐχθροὺς
305 1273 498 1357 ἀμύνασθαι
509 1277 682 1357 τολμώσης
694 1275 802 1357 φόνον
810 1274 891 1337 κατὰ
903 1284 969 1337 τῶν
982 1260 1160 1357 φιλτάτων,
1169 1269 1295 1337 111562

150 1376 282 1462 ἐκφέρει
296 1389 398 1443 ταῦτα
412 1380 488 1444 ὑπὸ
504 1389 573 1444 τοῦ
589 1381 744 1455 πάθους
760 1381 1083 1462 προαγόμενος,
1098 1377 1188 1464 quod
1204 1399 1295 1464 spee-

148 1486 204 1548 tat
237 1483 280 1548 ad
315 1482 555 1565 oeconomiam,
591 1484 645 1549 Ai.
678 1483 762 1548 1285
797 1484 858 1547 οὐκ
892 1483 1017 1547 άτοπον
1049 1483 1108 1546 τὸν
1147 1484 1294 1567 Τεῦκρον

149 1590 318 1671 λοιδορεῖν
341 1587 556 1672 Ἀγαμέμνονι
581 1589 659 1654 ὑπὸ
682 1599 756 1653 τοῦ
780 1590 955 1664 πάθους
976 1588 1293 1670 προαγόμενον,

148 1693 214 1758 Ad.
238 1693 345 1759 78112
376 1691 448 1774 ,hoe
470 1694 538 1759 iam
570 1694 664 1760 ebrio
688 1693 855 1773 convenit,
884 1715 952 1758 non
974 1691 1029 1757 1111
1051 1713 1149 1778 quem
1175 1714 1295 1779 eogno-

149 1797 256 1863 vimus
281 1796 368 1884 Syro
393 1801 478 1879 ete.‘‚
504 1799 576 1880 768,
601 1797 759 1882 77221).

701 2392 743 2456 V.

516 2551 560 2617 De
582 2570 706 2618 morum
729 2551 922 2617 mutatione.

234 2729 377 2796 Poetam
401 2733 440 2796 ut
463 2729 528 2795 sibi
550 2732 707 2795 constent
729 2751 895 2815 personae
911 2749 1046 2815 operam
1062 2727 1144 2794 dare
1172 2724 1293 2797 debere

150 2834 304 2900 vidimus.
351 2834 417 2901 Sed
440 2834 472 2901 ei
495 2834 560 2900 soli
582 2835 634 2899 rei
657 2835 685 2900 si
714 2833 875 2915 studebit,
908 2835 960 2900 ita
990 2842 1029 2899 ut
1061 2833 1127 2898 fine
1158 2831 1293 2899 fabulae

148 2939 239 3004 facto
265 2940 399 3005 eaedem
427 2940 495 3006 sint
520 2960 685 3027 personae
710 2961 795 3025 quae
817 2938 915 3004 initio
936 2939 1076 3004 fuerunt
1100 2936 1156 3004 vel
1179 2937 1292 3025 potius

148 3048 187 3109 ut
210 3045 304 3111 nullo
339 3045 475 3111 fabulae
507 3045 579 3111 loeo
612 3044 668 3111 vel
700 3045 870 3109 minimam
903 3066 1034 3109 morum
1074 3042 1294 3110 mutationem

147 3149 465 3232 animadvertamus,
490 3174 556 3216 non
580 3151 687 3215 minus
708 3151 795 3215 male
812 3148 918 3214 officio
934 3148 1070 3215 functus
1095 3148 1173 3231 erit,
1197 3142 1294 3234 quam

148 3258 176 3323 si
197 3258 329 3324 omnino
345 3283 412 3325 non
428 3259 625 3326 studuisset.
663 3259 808 3345 Lapides
832 3258 919 3324 enim
941 3257 1125 3339 induxerit,
1148 3279 1218 3323 non
1240 3256 1294 3322 ho·

148 3363 273 3429 mines:
297 3387 373 3428 nam
396 3387 470 3430 oum
493 3369 587 3431 certa
610 3365 775 3452 quaedum
797 3364 892 3430 faeta
915 3363 1032 3429 fabula
1053 3362 1293 3450 progrediente

149 3467 305 3534 accidant
326 3492 387 3534 nee
410 3469 495 3534 nihii
529 3470 591 3535 fiat
621 3493 800 3556 omnesque
834 3468 972 3535 fabulae
1000 3490 1166 3555 personae
1190 3466 1294 3535 eertis

148 3579 185 3640 et
208 3575 297 3661 quod
321 3575 363 3640 ad
387 3598 548 3661 personas
578 3576 728 3661 singulas
746 3576 898 3662 pertinet
921 3575 1067 3640 diversis
1082 3573 1231 3640 moribus
1246 3574 1294 3640 in-

148 3684 298 3746 structae
311 3680 454 3746 invicem
468 3682 671 3762 sentiment,
686 3683 921 3767 (assequentur
933 3679 1021 3745 enim
1033 3688 1162 3745 eertum
1173 3682 1295 3766 poetae

146 3785 359 3871 propositum
371 3786 466 3873 quasi
476 3786 662 3852 coniunctis
677 3786 813 3866 viribus
828 3785 980 3872 quamvis
993 3784 1027 3849 in
1041 3787 1142 3871 parte
1154 3783 1194 3850 Π
1207 3783 1295 3850 vide·

148 3890 252 3954 rimus
273 3913 333 3956 suo
354 3891 460 3977 ipsius
477 3913 641 3977 quamque
656 3891 801 3957 arbitrio
815 3889 952 3976 obsequi
965 3889 1030 3955 sibi
1044 3887 1166 3974 videri)
1179 3909 1295 3955 seeum.

150 3994 229 4058 dum
261 4005 420 4061 naturam
453 3994 631 4062 humanam
666 3997 782 4081 utique
818 4017 953 4060 neeesse
988 3998 1057 4076 est,
1094 4003 1131 4060 ut
1166 3977 1291 4073 omnes,

239 4269 266 4330 1)
286 4264 387 4319 Vidisti
414 4283 468 4319 non
498 4266 645 4334 diligenter
670 4282 712 4320 me
745 4265 903 4320 distinxisse
929 4266 1001 4318 inter
1020 4265 1144 4334 eorporis
1164 4269 1192 4318 et
1209 4262 1292 4319 animi

148 4354 271 4423 affectus,
291 4355 364 4423 quod
383 4355 550 4423 superfluum
569 4357 654 4409 visum
674 4362 723 4409 est.
