2946 4734
701 215 744 279 79

147 389 292 455 ulterius
303 392 518 476 praesentem
532 389 627 476 patri
642 390 807 456 resistere
831 388 986 454 durum
1002 389 1090 469 fuit‘,
1115 387 1174 454 Pb.
1190 387 1294 453 2041
1359 399 1360 404 ’
1434 403 1437 410 ·

148 493 379 582 Antiphonem
400 517 469 561 non
492 494 660 576 ‚cenvenit
691 498 812 560 contra
834 503 968 581 patrem
1000 493 1129 580 aliquid
1153 493 1293 575 dicere‘;

148 622 210 672 nec
230 599 331 666 velim
354 599 509 666 omiseris
532 600 635 666 schol.
652 599 825 686 singulare
840 600 921 665 Hec.
936 600 1009 665 769.
1024 600 1059 679 1,
1081 598 1171 685 quod
1187 597 1297 665 ostede

149 705 269 770 verbis
281 727 376 786 „eum
391 711 431 771 tu
443 708 561 791 satura
573 709 676 793 atque
689 706 787 774 ebria
795 705 884 771 eris‘
909 704 981 787 ,hoc
996 704 1098 770 estin
1110 702 1297 769 meretrici-

150 809 417 876 busnonsolum
437 813 684 896 nonturpe
708 809 944 877 sedetiam
966 808 1295 875 necessarium‘.

237 914 415 981 Postremo
430 916 575 983 tertium
588 915 755 1002 quoddam
770 919 989 1002 praeceptum
1001 913 1219 980 tractandum
1233 916 1296 994 est,

150 1019 249 1106 quod,
272 1021 425 1107 quamvis
448 1020 493 1087 ad
514 1026 626 1088 artem
648 1020 923 1108 ethcgrapbioam
947 1019 1089 1086 nonita
1112 1017 1226 1104 magni
1251 1018 1297 1084 sit

149 1124 320 1205 momenti,
352 1129 471 1192 tamen
496 1126 680 1192 clarissime
703 1126 926 1206 demonstrat,
958 1125 1123 1212 quomodo
1148 1123 1297 1189 homines

150 1232 286 1296 veteres
301 1230 537 1298 intellexerint
550 1236 670 1318 postas
686 1235 721 1297 et
734 1253 820 1318 quae
834 1231 899 1297 sibi
910 1230 1144 1316 quaesiverint
1155 1229 1189 1294 in
1202 1227 1297 1294 fabu-

150 1333 202 1400 lis.
228 1334 301 1416 Quo
319 1335 477 1403 similiter
493 1359 532 1403 ac
547 1337 675 1403 duobus
688 1337 879 1423 praeceptis
891 1335 991 1401 modo
1003 1334 1164 1402 tractatis
1180 1357 1247 1398 non
1259 1337 1298 1398 ut

150 1443 245 1505 certa
259 1438 336 1524 lege
352 1442 557 1507 constrictus
571 1447 623 1508 est
634 1452 737 1529 poeta
752 1443 787 1507 in
802 1441 951 1507 moribus
966 1438 1197 1518 instituendis,
1213 1460 1296 1525 quos

151 1545 221 1610 scil.
246 1548 339 1611 recte
362 1546 544 1613 instituere
567 1551 683 1634 potest
715 1546 776 1613 boc
798 1549 982 1634 praecepto
1006 1546 1106 1633 plane
1128 1544 1295 1630 neglecto.

152 1649 250 1730 Quod
280 1655 335 1718 est
367 1651 407 1717 de
439 1652 633 1719 fabularum
665 1653 821 1719 utilitate
854 1662 1083 1739 praeceptum,
1118 1648 1298 1716 secundum

151 1753 240 1838 quod
261 1755 313 1820 ita
337 1755 486 1823 fabulam
516 1759 715 1825 institueret
745 1761 847 1845 poete
880 1757 1144 1845 postulaverunt
1167 1758 1297 1840 specta-

151 1861 254 1941 toreS,
279 1859 366 1925 unde
382 1863 643 1948 quamplurima
659 1863 723 1929 sibi
740 1867 913 1928 sumerent
930 1861 971 1928 de
989 1860 1062 1926 vita
1085 1881 1146 1925 sua
1160 1858 1297 1924 'rectius

152 1962 313 2048 degenda.
359 1966 483 2052 Itaque
506 1990 578 2033 cum
601 1971 724 2053 poetae
753 1971 827 2032 tum
856 1973 951 2032 recte
974 1964 1112 2030 vivendi
1141 1961 1298 2049 magistri

153 2068 263 2134 cilicio
286 2069 384 2155 iungi
407 2071 552 2138 debebat
574 2077 685 2159 poeta.
732 2071 826 2152 Quae
849 2093 923 2136 cum
946 2071 997 2136 ita
1019 2070 1098 2148 sint,
1131 2090 1198 2134 non
1219 2087 1298 2132 raro

153 2177 364 2258 spectatores
389 2175 477 2240 falso
500 2181 711 2262 putaverunt
735 2176 789 2243 vel
803 2177 928 2242 iniuste
944 2176 1147 2242 censuerunt
1164 2175 1298 2258 poetam

150 2275 260 2362 ipsum
276 2277 424 2365 aliquam
441 2283 643 2347 sententiam
659 2281 859 2368 prodidisse,
885 2303 983 2367 quam
999 2277 1137 2345 fabulae
1151 2296 1298 2363 persona

152 2382 314 2468 quaedam
330 2384 366 2448 ἐν
382 2387 458 2468 ἤθει
471 2387 616 2452 dixerat.
642 2385 744 2452 Cuius
760 2387 812 2453 rei
825 2385 1094 2472 antiquissimum
1110 2381 1297 2467 exemplum

152 2487 290 2555 exbibet
305 2489 405 2556 schol.
424 2491 524 2578 Hipp.
542 2492 623 2572 612,
647 2492 737 2578 quod
757 2496 810 2558 est
826 2491 867 2558 de
890 2490 1003 2557 verbis
1024 2489 1093 2554 illis
1110 2508 1210 2573 saepe
1225 2484 1297 2551 lau-

152 2592 242 2659 datis
266 2595 286 2678 ἡ
309 2597 587 2682 γλῶσσ’ὀμώμοχ’,
621 2599 641 2681 ἡ
676 2597 711 2662 δὲ
746 2600 837 2681 φρὴν
864 2597 1052 2679 ἀνώμοτοςτ
1087 2593 1137 2659 οὐ
1169 2597 1297 2656 καθο-

152 2702 285 2776 λικῶς
307 2700 352 2766 δὲ
374 2703 418 2767 τὸ
448 2713 666 2786 τοιοῦτον,
697 2703 780 2767 ιἰλλολ
802 2707 870 2767 κτλ.
889 2700 1197 2784 Ἀριστοφάνης
1220 2695 1296 2781 (Ra.
1386 2765 1389 2772 ,

154 2804 229 2890 102)
252 2811 604 2891 καθολικώτερον
628 2811 787 2892 νοήσας
808 2806 892 2891 φησὶ
915 2809 974 2871 τὸν
990 2805 1180 2887 Εὐριπίδην
1202 2802 1297 2883 ὑβρι·

153 2912 219 2987 ζειν
243 2912 298 2974 διὰ
321 2922 378 2996 τῆς
400 2917 553 2996 γλώσσης
573 2915 634 2996 τὴν
657 2915 812 2978 διάνοιαν
834 2917 913 2994 κτλ,
941 2933 1006 2996 quo
1029 2910 1197 2995 probatur
1219 2903 1297 2969 inde

152 3015 310 3101 aprimis
341 3018 428 3082 artis
460 3017 665 3084 dramaticae
695 3016 903 3104 temporibus
932 3016 975 3080 ad
1007 3036 1100 3081 suam
1133 3032 1297 3098 quemque

154 3121 257 3186 vitam
270 3124 441 3207 pertinere
454 3123 587 3189 fabulas
601 3124 656 3190 vel
670 3145 891 3210 personarum
910 3119 1098 3187 sententias
1111 3116 1296 3204 putavisse.

152 3225 321 3294 Personas
344 3228 453 3313 igitur
477 3251 517 3295 ea
538 3229 716 3316 praecipue
740 3229 780 3294 de
796 3250 896 3294 causa
910 3225 1022 3291 induci
1040 3225 1129 3290 visas
1151 3245 1234 3302 esse,
1257 3226 1298 3286 ut

153 3333 271 3418 cuique
295 3334 482 3418 spectatori
497 3334 781 3415 demonstrarent,
805 3333 886 3419 quid
908 3330 937 3397 ei
957 3332 992 3396 in
1009 3330 1082 3397 vita
1097 3326 1296 3406 faciendum,

153 3437 233 3523 quid
245 3438 439 3504 evitandum
450 3443 549 3516 esset,
563 3439 673 3525 ample
684 3442 878 3504 enarratum
889 3435 1003 3505 esthis
1014 3434 1149 3502 scholiis
1158 3434 1190 3515 ¹):
1203 3433 1297 3517 Sept.

154 3542 216 3608 182
240 3543 315 3626 (om
333 3543 470 3623 Trend.)
493 3547 701 3609 εἰώθασιν
725 3545 766 3608 οἱ
786 3541 961 3625 ποιηταὶ
991 3540 1178 3623 ὃόγμοιτολ
1201 3561 1296 3601 τινα

152 3651 213 3724 εἰς
236 3650 451 3732 ὠφέλειαν
473 3661 554 3714 τῶν
577 3649 825 3715 ἀκουόντων
848 3646 1090 3730 εἰσφέρειν·
1115 3646 1220 3719 οὕτως
1242 3640 1296 3705 καὶ

154 3753 171 3818 ὁ
196 3757 366 3838 Αἰσχύλος
396 3760 475 3836 κτλ,
498 3754 626 3819 El.539
649 3755 725 3840 (om.
750 3754 819 3834 Tr.)
843 3754 945 3817 ταῦτά
968 3751 1052 3837 (scil.
1077 3752 1115 3814 τὰ
1143 3748 1297 3829 ἀναγκαι-

229 3934 254 3998 1)
276 3931 318 3985 nd
337 3932 405 3985 illud
432 3942 488 3987 τῶν
517 3932 668 4002 δραμάτων
701 3929 887 3985 παιδευτικόν
923 3946 992 3997 quac
1023 3929 1162 3997 pertinent
1193 3925 1297 3979 scholia

155 4021 260 4075 Graeca
279 4022 411 4089 pleraque
429 4024 540 4090 collegit
559 4022 659 4076 Trend.
680 4040 704 4090 p.
728 4025 852 4088 128sqq.‚
879 4019 927 4073 sed
952 4019 1047 4086 gravia
1073 4017 1172 4084 omisit,
1197 4016 1297 4082 quippe

155 4111 201 4178 qui
219 4127 253 4165 ea
280 4110 452 4179 potissimum
477 4111 708 4178 animadverterit,
736 4127 805 4178 quae
831 4110 978 4163 exhibeant
1004 4115 1079 4161 certa
1108 4105 1240 4159 vocabula
1266 4103 1297 4156 τὸ

153 4197 339 4254 παιδευτικόν
367 4201 411 4255 vel
436 4201 565 4256 διδάσκει
593 4200 607 4254 ὁ
633 4200 715 4268 λόγος
742 4202 784 4254 vel
813 4200 918 4253 similia
958 4199 1048 4264 Quare
1076 4195 1164 4249 denuo
1193 4193 1298 4247 scholia

154 4307 312 4360 proponam,
