2946 4734
632 348 838 411 -.63-

150 525 307 606 magicae)
330 526 361 589 in
383 525 728 604 tantumadbaesisse,
750 531 785 591 ut
797 526 973 590 Menander
995 545 1123 608 quoque
1215 525 1316 590 Thes-

148 626 248 690 salam
280 626 522 708 cognominaret
552 625 695 691 fabulam
725 627 926 709 complexam
949 626 1103 707 ambages
1124 625 1315 690 feminarum

149 725 386 790 detrahentium
411 726 543 791 lunam'.
587 723 711 789 Canum
735 745 811 789 vero
833 730 1029 802 amatorem,
1053 725 1107 807 qui
1130 726 1317 789 adulescen-

148 827 221 890 tulis
244 825 380 890 ludibrio
396 831 444 890 est
459 847 488 890 v,
501 828 542 891 89
554 846 635 908 sqq,
660 825 817 889 comicam
840 845 1012 908 personam
1035 846 1107 889 esse
1127 825 1191 890 iam
1216 845 1314 906 supra

148 948 169 1008 p
191 928 229 991 37
252 927 399 990 vidimus.
442 926 563 990 Deinde
585 926 743 990 consentit
761 926 1001 990 accuratissime
1023 926 1141 990 Tibulli
1164 945 1192 990 v.
1217 926 1314 1006 79sq.

342 1043 408 1078 num
424 1025 538 1080 Veneris
557 1042 675 1094 magnae
693 1024 795 1078 violavi
814 1023 929 1078 numius
948 1023 1039 1086 verb0,

405 1115 433 1164 et
450 1128 512 1165 maa
529 1128 602 1164 nunc
621 1127 723 1179 poenas
740 1109 826 1180 impia
845 1110 940 1181 lingua
957 1109 1030 1164 luit?

149 1219 221 1262 cum
241 1199 325 1263 senis
347 1198 485 1262 amantis
508 1199 613 1263 verbis
634 1199 666 1262 in
687 1199 792 1262 Plauti
813 1199 930 1263 Casina
952 1199 1013 1262 617
1029 1219 1077 1280 sq.

343 1301 391 1350 aut
411 1296 477 1365 quid
495 1313 546 1366 ego
564 1314 696 1365 umquam
714 1313 780 1365 erga
802 1295 935 1350 Venerem
953 1295 1047 1364 inique
1065 1296 1185 1362 fecerim,

343 1383 386 1438 cui
404 1383 442 1437 sic
459 1386 502 1438 tot
520 1382 627 1438 amanti
644 1382 713 1435 mihi
730 1382 839 1436 obviam
859 1381 990 1437 eveniunt
1008 1381 1121 1436 morae?

150 1472 294 1554 Denique
316 1472 491 1536 ut'Tibulli
514 1490 615 1535 canus
637 1475 762 1535 amator
791 1491 820 1533 r.
843 1472 900 1547 93,
931 1469 977 1534 sic
1005 1470 1038 1532 in
1059 1469 1165 1533 Plauti
1188 1469 1318 1533 Trucul.

153 1575 212 1635 115
230 1592 278 1654 sq.
302 1572 493 1636 Dinia-rebus
514 1569 619 1634 ‘carae
641 1570 767 1651 puellae
788 1569 939 1634 ancillam
962 1568 1101 1633 detinet'.

233 1671 295 1735 Sed
317 1672 381 1735 iam
404 1676 435 1735 te
457 1670 554 1735 audio
583 1671 851 1751 interrogantem,
882 1668 1029 1751 quisnam
1061 1669 1102 1731 sit
1130 1667 1229 1731 homo
1258 1667 1318 1744 ille,

149 1772 204 1852 qui
227 1790 255 1834 v.
277 1771 318 1835 87
331 1791 401 1852 sqq.
424 1770 585 1834 Tibullum
606 1773 682 1833 ante
704 1758 812 1833 Deliae
832 1768 950 1832 ostium
973 1771 1140 1831 canentem
1165 1766 1318 1830 irrideat?

149 1872 268 1948 Habes
292 1871 323 1934 ni
346 1870 454 1946 fallor,
479 1873 694 1951 grassatorem
718 1873 920 1933 nocturnum.
962 1867 1094 1957 Dixerat
1115 1867 1199 1930 enim
1223 1870 1319 1947 poeta

149 1992 177 2034 v.
202 1973 241 2035 33
260 1990 330 2052 sqq.
1062 2051 1064 2054 ι

344 2066 449 2137 parcite
467 2066 624 2135 luminibus,
643 2084 690 2120 seu
711 2067 753 2120 vir
770 2084 817 2122 seu
835 2066 940 2121 femina
956 2066 1006 2120 fiat

345 2153 439 2208 obvia:
458 2152 542 2208 colari
561 2154 618 2206 volt
635 2171 684 2208 sua
702 2154 778 2208 furta
796 2153 895 2209 Venus.

344 2257 397 2294 neu
415 2239 531 2310 strepitu
549 2242 652 2294 torrete
670 2240 780 2310 pedum,
798 2257 852 2295 neu
868 2239 992 2309 quaerite
1010 2253 1120 2305 nomen,

342 2343 398 2380 neu
416 2343 501 2396 prope
518 2326 637 2394 fulgenti
656 2326 761 2381 lumina
779 2326 849 2381 ferte
868 2326 928 2381 face
944 2342 999 2394 oqs.

148 2413 241 2476 Nunc
264 2434 340 2478 vero
372 2419 500 2496 praeter
527 2413 684 2496 reliquam
706 2414 923 2478 calamitatem
955 2415 1119 2493 grassator
1141 2415 1317 2474 nocturnus

149 2513 180 2574 in
204 2532 275 2576 eum
297 2513 423 2591 incidit,
454 2513 525 2596 qui,
556 2533 756 2595 quamquam
785 2533 850 2577 non
879 2512 1015 2594 pallium
1035 2511 1166 2592 surripit
1189 2513 1246 2574 aut
1269 2509 1316 2573 in·

150 2611 229 2675 festo
253 2613 336 2676 ferro
356 2613 502 2677 membra
524 2612 613 2695 petit,
638 2618 747 2677 tamen
771 2612 887 2678 infelici
902 2612 1039 2678 amatori
1057 2611 1169 2675 illudit.
1214 2609 1317 2674 Huius

149 2712 331 2776 interventu
352 2713 516 2794 aptissime
538 2717 652 2776 cantus
674 2717 705 2776 et
723 2733 855 2778 carmen
875 2713 993 2776 finitur.
1004 2711 1026 2792 ¹)

232 2813 356 2889 Quibus
378 2812 619 2891 difficultatibus
641 2813 820 2894 explanatis
842 2815 885 2877 ad
906 2812 1087 2876 comicos
1107 2813 1318 2874 amatores

150 2913 336 2989 redeamus,
360 2931 440 2994 quos
463 2931 527 2974 non
550 2912 654 2975 solum
675 2911 833 2977 flebilibus
855 2912 1017 2989 cantibuS,
1040 2915 1118 2974 uta
1140 2908 1246 2990 puella
1267 2928 1317 2970 re-

151 3012 327 3093 cipiantur,
355 3031 485 3092 rogare,
518 3012 691 3075 sedetiam
715 3013 752 3075 vi
776 3013 1027 3092 irrumpere,
1050 3009 1317 3092 postesfran-

150 3131 243 3191 gere
264 3111 419 3175 videmus.
463 3110 627 3175 Adeamus
648 3111 706 3175 hos
728 3112 842 3175 hocos:

186 3207 377 3277 Aristophanis
397 3225 468 3278 vesp.
489 3207 555 3262 1253
565 3227 623 3277 sqq.

610 3291 664 3348 ἀπὸ
683 3291 738 3367 γὰρ
759 3295 837 3348 οἴνου
855 3297 986 3364 γίγνεται

345 3382 391 3434 καὶ
409 3382 603 3454 θυροκοπῆσαι
622 3383 669 3435 καὶ
687 3379 809 3439 πατάξαι
829 3382 876 3433 καὶ
895 3382 996 3449 βαλεῖν,

346 3463 458 3520 κᾶπειτ’
476 3471 622 3522 ἀποτίνειν
642 3464 781 3541 ἅργύριον
799 3464 832 3521 ἐκ
846 3465 1008 3540 κραιπάλης.

186 3570 352 3640 Antiphanis
371 3571 422 3641 frg.
444 3571 586 3641 195,3sq.,
605 3572 637 3625 K.
657 3574 679 3625 ll
698 3591 725 3641 p.
746 3572 780 3624 94

349 3659 488 3709 τοιουτοσὶ
507 3661 548 3716 τίς
567 3657 626 3728 εἰμι
645 3675 698 3726 eqs.

344 3739 436 3812 θύρας
452 3741 603 3814 μοχλεύειν
622 3739 742 3813 σεισμός,
763 3741 894 3813 εἰςπηδιὶν
913 3737 999 3813 ringis.

222 3907 246 3972 l)
266 3894 353 3960 Aliter
378 3907 412 3961 de
437 3908 488 3962 hoc
512 3909 633 3964 carmine
656 3911 799 3981 disputant
817 3911 952 3965 Dissenius
978 3913 1007 3964 in
1025 3909 1221 3963 commentario
1239 3926 1265 3976 p.
1285 3907 1318 3960 33

149 3996 178 4047 et
204 3994 272 4057 heb,
297 3993 434 4065 Philolog.
463 3995 571 4050 Unters.
591 3997 616 4049 ll
641 4016 667 4066 p.
687 3998 736 4066 34,
765 4014 880 4067 quorum
906 3996 1147 4066 interpretationes
1171 4011 1261 4048 meam
1286 4009 1319 4046 eo

148 4097 277 4150 superare
294 4080 419 4150 credam,
437 4082 510 4150 quod
528 4083 600 4136 nihil
617 4083 647 4136 in
665 4084 781 4153 elegiam
800 4085 906 4149 infero,
924 4085 977 4137 nisi
995 4082 1068 4152 quod
1087 4081 1172 4151 ipsius
1190 4079 1319 4135 carminis

150 4167 240 4221 verbis
257 4171 306 4223 aut
324 4167 448 4238 antiquis
466 4169 631 4223 testimoniis
649 4171 783 4224 firmatur.
910 4174 912 4179 '
