2946 4734
792 261 833 326 62

234 441 419 530 (κεφάλειον
434 433 643 524 θρηνητικόν)
664 439 912 505 consolationem
930 442 1115 526 (κεφάλειον
1133 449 1390 536 παραμυθικόν).

229 551 316 630 Quas
337 549 444 631 partes
458 559 657 626 quamquam
679 559 744 604 non
765 560 892 623 semper
913 541 974 607 hoc
997 544 1108 612 ordine
1129 547 1261 630 legimus
1283 551 1391 634 dispo·

228 650 321 724 sitas,
349 651 458 711 tamen
481 642 680 723 agnoscimus
710 641 743 705 in
764 641 912 707 omnibus
933 643 1022 708 Statii
1046 647 1332 730 consolationibus,
1360 655 1391 717 et

228 751 272 814 ita
289 747 428 830 quidem,
450 747 485 807 ut
506 741 647 805 laudatio
669 741 700 804 in
719 740 785 805 aliis
802 745 923 823 spectet
945 743 988 806 ad
1005 747 1246 826 consolandum,
1269 751 1301 815 in
1323 752 1390 818 aliis

229 850 270 914 ad
287 843 560 928 complorantium.
591 841 759 906 Praeterea
776 841 809 904 in
824 842 973 906 omnibus
988 845 1254 915 consolationibus
1269 850 1390 917 Statius

227 946 376 1013 describit
401 944 512 1008 funera
542 945 745 1024 mortuosque
773 942 888 1023 partim
917 943 1003 1025 ipsos
1031 946 1233 1012 consolantes
1259 949 1390 1029 inducit,

227 1048 343 1130 partim
373 1044 510 1108 advocat
533 1046 569 1106 ut
597 1041 801 1105 consolentur
828 1043 1021 1124 superstites
1065 1045 1236 1128 Epicedion
1259 1069 1335 1115 vero
1359 1052 1390 1116 in

227 1147 326 1232 patris
348 1147 484 1210 mortem
507 1141 657 1223 scriptum
680 1140 871 1206 laudationis
898 1144 999 1224 magis
1020 1147 1155 1227 speciem
1175 1167 1254 1230 prae
1275 1169 1309 1213 se
1331 1151 1389 1216 fert

228 1267 326 1333 quarn
350 1243 589 1318 consolationis3
620 1244 763 1306 attamen
786 1243 816 1305 in
837 1262 875 1306 eo
897 1263 1026 1327 quoque
1047 1266 1113 1310 non
1140 1248 1256 1313 desunt
1277 1269 1390 1316 conso-

226 1347 347 1413 latoria.
390 1345 498 1426 Atque
521 1343 708 1424 disponendi
731 1343 902 1420 rationem,
934 1364 1032 1427 quam
1054 1346 1174 1412 Statius
1194 1349 1226 1413 in
1249 1349 1298 1414 his
1320 1371 1390 1416 car-

227 1448 364 1515 minibus
392 1444 553 1520 adhibuit,
582 1443 691 1507 tabula
719 1443 839 1525 optime
868 1444 1016 1509 illustrari
1047 1467 1136 1529 posse
1162 1453 1258 1531 puto,
1290 1472 1387 1535 quam

226 1547 377 1613 hocloco
399 1546 442 1609 ita
463 1544 602 1621 instituo,
623 1546 658 1607 ut
680 1544 774 1608 simul
794 1544 1042 1610 consolationem
1066 1547 1107 1612 ad
1128 1548 1249 1614 Liviam
1271 1551 1332 1616 hac
1357 1554 1388 1618 in

225 1669 258 1713 re
281 1667 352 1712 cum
376 1645 477 1710 Statio
499 1645 669 1708 conferam.

564 1761 724 1845 Expositio
734 1767 765 1827 et
773 1762 922 1828 laudatio.
933 1763 1159 1849 Comploratio.
1173 1766 1366 1834 Consolatio.

222 1866 334 1932 incerti
350 1866 391 1929 ad
408 1863 530 1928 Liviam
587 1864 600 1927 1
707 1898 748 1908 -
803 1865 861 1929 166
978 1866 1036 1930 167
1044 1868 1140 1932 -368
1182 1869 1348 1934 369474

224 1967 303 2032 Stat.
325 1965 398 2030 Silv.
437 1963 511 2028 Ili
588 1964 687 2028 1-35
770 1964 913 2029 36—138
979 1966 1140 2032 139-178
1185 1970 1348 2035 nti-cac

224 2066 302 2131 Stat.
324 2065 398 2130 Silv.
436 2064 512 2129 [Ι.6
586 2063 687 2130 1-60
769 2065 910 2130 al-st
995 2067 1074 2131 57-
1098 2070 1137 2132 85
1202 2070 1345 2136 85-105

224 2163 513 2231 Stat.Silv.IlI.3
587 2164 688 2228 1-40
769 2165 912 2231 41-173
977 2167 1140 2234 173-194
1185 2171 1346 2236 tus-alo

223 2266 303 2331 Stat.
325 2264 399 2329 Silv.
434 2264 507 2327 v.1
586 2264 687 2328 1-44
768 2264 913 2330 45-134
976 2267 1138 2333 135-169
1181 2270 1345 2336 lto-acu

221 2366 301 2431 Stat.
323 2364 396 2428 Siiv.
433 2362 510 2427 v.3
575 2364 676 2428 1-40
750 2365 912 2429 tot-asc
994 2366 1137 2433 41-102
1180 2369 1344 2436 652-296

222 2464 509 2530 suasinus
585 2464 685 2528 1-23
768 2464 847 2527 66-
870 2466 909 2530 77
992 2466 1072 2532 47-
1096 2470 1135 2533 65
1199 2469 1279 2533 64-
1302 2471 1343 2535 46

302 2582 487 2648 Notandum
510 2600 587 2646 sane
611 2585 674 2662 est,
707 2582 793 2666 quod
822 2584 906 2665 apud
929 2583 1065 2648 Statium
1087 2587 1238 2668 expositio
1262 2592 1293 2653 et
1315 2588 1384 2653 lau·

223 2684 311 2749 datio
335 2701 459 2764 semper
484 2685 558 2745 sunt
579 2681 713 2764 divisae,
743 2683 820 2747 dum
840 2683 1127 2750 Pseudo-Ovidius
1150 2687 1240 2768 quasi
1269 2689 1384 2755 mixtas

221 2806 276 2850 eas
310 2784 438 2867 profert.
495 2783 665 2847 Praeterea
700 2784 1020 2847 animadvertendum
1051 2786 1125 2849 mihi
1160 2807 1228 2850 esse
1258 2788 1384 2853 videtur

222 2886 314 2952 Statii
341 2883 549 2966 expositiones
579 2884 717 2947 eandum
748 2884 812 2947 fere
841 2903 989 2947 versuum
1020 2904 1188 2949 numerum
1216 2888 1384 2970 complecti

221 2985 374 3068 imprimis
395 2984 433 3048 tll
454 2983 473 3045 3
491 2989 522 3048 et
542 2983 567 3046 V
584 2985 614 3048 5.
653 2983 715 3047 Sed
737 2984 767 3045 in
791 2984 916 3046 duobus
937 2986 1103 3065 postremis
1124 2984 1214 3049 Statii
1236 2986 1383 3068 epicediis

219 3089 357 3168 apparat
377 3083 519 3148 remissio
539 3083 699 3166 quaedam
719 3082 941 3163 dispositionis.

654 3440 689 3507 C.
718 3441 942 3525 appendix.

301 3595 383 3660 Tum
418 3594 450 3658 in
480 3593 655 3676 appendice
682 3595 790 3677 paucis
818 3597 975 3677 attingam
1006 3594 1159 3659 interioris
1181 3595 1295 3659 aetatis
1312 3614 1382 3661 car·

220 3695 307 3759 mina
335 3693 554 3759 consolatoria.
594 3693 702 3777 Atque
731 3695 953 3772 Ausonius,
984 3695 1088 3776 quarti
1120 3697 1189 3775 post
1219 3693 1380 3761 Christum

217 3794 333 3860 saeculi
355 3793 462 3857 rhetor
484 3792 726 3874 Burdigalensis,
745 3794 847 3858 multa
867 3793 990 3875 scripsit
1011 3793 1152 3857 carmina
1174 3792 1215 3857 ad
1238 3798 1380 3860 nostram

218 3894 470 3959 dissertationem
504 3893 704 3974 pertinentia.
753 3891 895 3974 Triginta
931 3894 1014 3956 enim
1048 3893 1189 3956 carmina
1219 3894 1380 3959 Ausonius

217 3993 393 4076 composuit
413 3993 443 4054 in
468 3995 601 4055 niortem
624 3993 892 4075 propinquorum,
915 3993 1030 4073 quibus
1052 3992 1206 4074 inscripsit
1229 3993 1379 4059 Paren-

219 4096 330 4160 talia.
373 4091 463 4170 Quae
492 4093 633 4157 carmina
663 4111 862 4175 quamquam
894 4095 1001 4157 omnia
1031 4096 1175 4157 mortuos
1207 4096 1263 4156 aut
1292 4113 1379 4157 com·
