2946 4734
701 214 746 280 24

225 387 454 475 ‘Demipho
491 391 635 458 maritus
670 395 725 457 est
758 412 861 457 senex
894 411 1019 457 avarus
1061 391 1167 478 (69.4,
1203 392 1256 459 70;
1271 395 1298 468 1,

148 493 265 575 3111,
290 495 405 576 3511,
429 493 502 560 661.
516 495 547 575 2,
571 496 648 583 678)
680 499 716 563 61
737 495 936 583 plerumque
958 494 1069 564 iratus
1100 499 1137 564 et
1160 497 1203 563 ad
1224 495 1297 564 liti-

148 599 295 685 gandum
315 606 491 687 promptus
516 601 779 682 (23122542,
803 601 919 687 2621,
943 601 1016 667 264.
1027 601 1058 685 2,
1083 602 1156 685 266,
1180 603 1297 685 2863,

149 704 246 788 307),
281 703 340 770 666
367 713 481 771 tamen
512 704 557 771 ad
580 727 759 786 summam,
792 705 971 793 praeciqne
995 705 1121 773 collato
1143 708 1298 797 parasito

149 808 440 896 impudentissimo
465 813 501 876 et
523 810 778 897 procacissimo,
803 809 945 899 simplex
966 814 1067 899 pater
1090 810 1238 879 familias
1262 816 1298 880 61

150 913 263 1002 611666
287 914 383 981 6666
407 914 499 980 mitis
522 937 583 981 666
605 915 703 980 nimis
727 914 917 1001 litigiosus,
950 915 1050 982 immo
1072 919 1298 1004 perturbatus

150 1021 186 1084 et
216 1018 335 1086 anxius
368 1019 520 1106 quamvis
554 1022 642 1086 bona
674 1021 709 1086 in
739 1042 841 1087 causa
871 1021 1001 1107 (3061,
1033 1013 1149 1104 3161,
1179 1022 1297 1105 348,1,

149 1123 224 1205 355,
241 1124 372 1207 3962),
405 1146 501 1211 quem
525 1123 626 1191 facile
649 1124 751 1191 fallat
773 1124 943 1211 improbus
970 1125 1182 1212 sycophanta
1197 1126 1298 1214 (360).

149 1223 192 1293 16
235 1228 428 1296 universum
471 1229 559 1295 enim
603 1229 704 1297 facile
748 1229 922 1316 frangitur
965 1253 1094 1297 necnon
1141 1231 1296 1299 mollitur

150 1332 236 1419 (231.
249 1334 280 1415 2,
305 1333 378 1415 236,
402 1334 521 1415 2391,
545 1335 663 1416 2621,
687 1333 818 1420 3081).

235 1429 310 1503 Duo
323 1436 394 1520 filii,
408 1437 602 1525 Antipho
615 1437 894 1521 etPhaedria‚
910 1442 951 1504 ut
967 1438 1199 1505 adulescentes
1217 1461 1297 1507 sane

150 1547 319 1609 amatores
337 1547 417 1609 sunt
433 1544 518 1627 (165.
532 1544 562 1621 2,
580 1544 652 1609 218.
665 1544 694 1624 2,
713 1544 786 1608 309.
799 1543 829 1625 2,
847 1544 920 1609 160.
936 1544 964 1626 1,
980 1544 1053 1609 261.
1067 1545 1111 1628 3).
1148 1543 1298 1627 Quorum

148 1646 319 1713 Phaedria
342 1648 501 1714 audacior
534 1652 569 1714 et
601 1647 675 1713 ideo
700 1649 850 1715 securior
872 1649 1040 1736 pauloque
1062 1648 1198 1715 tardior
1221 1672 1298 1716 nec-

149 1755 264 1818 tamen
287 1776 354 1818 non
377 1752 519 1819 callidus
543 1756 597 1820 661
621 1753 706 1836 (153.
722 1755 750 1835 3,
776 1754 847 1819 160.
862 1754 934 1836 23,
959 1754 1073 1836 1983,
1099 1754 1296 1837 199123,

148 1855 223 1921 206.
237 1857 267 1922 2.
281 1857 310 1938 3,
342 1857 417 1922 270.
431 1859 460 1923 1.
473 1858 503 1923 2.
518 1858 547 1923 3.
560 1858 591 1936 4,
622 1859 740 1940 2731,
773 1859 847 1924 255.
861 1859 890 1923 2.
905 1861 956 1940 3),
991 1858 1144 1946 Antipho
1176 1862 1298 1927 contra

150 1960 287 2028 timidus
311 1967 380 2045 est,
415 1963 554 2046 anxiuS,
590 1985 695 2050 quare
717 1964 879 2030 facillime
902 1963 1035 2030 divinat
1057 1964 1297 2052 intellegitque

149 2089 204 2133 res
234 2067 278 2133 ad
309 2068 418 2156 ipsum
449 2069 662 2156 pertinentes
697 2070 784 2152 (153.
799 2071 828 2152 3,
854 2070 926 2136 133.
941 2072 970 2151 2,
997 2072 1068 2136 156.
1083 2070 1112 2136 1.
1126 2070 1156 2154 3,
1181 2070 1254 2138 157.
1265 2071 1296 2153 3,

150 2173 261 2254 1972,
296 2174 368 2241 198.
383 2175 412 2254 3,
449 2175 521 2240 199.
536 2174 608 2238 12.
623 2175 653 2256 3,
685 2174 848 2255 20623,
881 2175 996 2256 2111,
1021 2175 1094 2242 682.
1111 2176 1138 2257 1,
1162 2176 1237 2241 209.
1250 2175 1296 2261 4).

149 2276 231 2343 1666
268 2277 370 2343 etiam
404 2278 577 2344 mutabilis
608 2282 709 2365 putat
742 2302 783 2343 ex
815 2278 1033 2365 consequenti
1065 2278 1230 2346 satietate
1260 2302 1296 2346 se

148 2382 302 2468 potuisse
325 2382 497 2448 abstinere
520 2383 689 2448 amoribus
716 2384 784 2449 6616
809 2383 894 2467 (159.
910 2385 938 2466 1,
965 2384 1037 2450 161.
1049 2384 1094 2468 2).

236 2487 397 2571 Hecyrae
411 2490 434 2571 1)

235 2592 431 2659 Philotis
454 2615 598 2680 persona
619 2592 793 2679 protatica
816 2592 940 2659 callida
962 2598 1033 2674 661,
1066 2597 1188 2681 utpote
1210 2616 1297 2681 quae

148 2698 313 2765 meretrix
335 2698 381 2764 sit
404 2698 490 2785 (109,
516 2699 588 2764 110.
599 2698 643 2781 2).
689 2699 739 2765 Ut
761 2698 925 2764 meretrix
954 2699 1057 2764 etiam
1085 2699 1223 2786 nuptias
1246 2699 1295 2765 in·

148 2802 287 2889 dignum
309 2803 440 2869 facinus
464 2806 565 2890 putat
594 2804 662 2886 (98)
695 2807 797 2890 61666
822 2807 938 2890 66161,
974 2807 1013 2869 61
1042 2804 1195 2870 infirmae
1226 2804 1296 2870 sint

147 2907 319 2996 Pamphili
340 2908 480 2995 nuptiae
504 2909 655 2993 (1761),
687 2909 804 2975 66616
826 2931 893 2974 666
916 2911 988 2973 tam
1010 2909 1237 2995 malignitatis
1260 2909 1296 2976 16

148 3013 359 3100 Pamphilum
398 3036 497 3100 quam
534 3013 784 3079 benivolentiae
821 3013 857 3077 in
894 3013 1093 3079 Bacchidem
1131 3013 1296 3102 collegam

148 3139 250 3183 causa
266 3119 398 3201 (1021)
418 3118 560 3203 1666666
575 3140 642 3182 666
662 3122 701 3183 61
717 3117 849 3183 curiosa
865 3117 923 3182 sed
938 3121 1081 3205 propter
1096 3118 1296 3185 Bacchidem

148 3244 220 3286 rem
243 3245 263 3288 a
286 3222 492 3288 Parmenone
515 3222 592 3287 vult
615 3221 732 3287 audire
757 3222 842 3305 (103.
856 3221 900 3305 2).

238 3327 418 3393 Bacchis
456 3331 492 3394 61
516 3327 590 3414 1666
612 3328 776 3393 meretrix
811 3331 881 3408 est,
921 3328 979 3394 666
1011 3330 1097 3393 6666
1131 3329 1294 3396 meretrix

150 3432 268 3519 (praef.
293 3433 312 3497 I
334 3433 364 3510 9,
399 3433 536 3515 7271),
576 3432 699 3519 661666
728 3454 813 3519 6666
848 3457 875 3498 6.
899 3456 931 3519 g.
962 3432 1180 3498 iureiurando
1211 3432 1296 3498 nihil

149 3537 298 3603 sanctius
336 3537 422 3603 sciat
457 3540 557 3622 (751).
604 3537 670 3604 Sed
705 3541 743 3603 ut
765 3538 931 3604 meretrix
959 3538 1085 3604 blanda
1114 3541 1151 3604 et
1173 3538 1296 3606 callida

147 3665 215 3708 non
237 3641 400 3728 neglegit,
434 3642 512 3707 dum
535 3642 629 3708 alind
652 3643 735 3727 agit,
769 3642 871 3709 etiam
894 3664 1071 3729 personam
1095 3665 1187 3709 suam
1211 3665 1296 3710 com·

148 3746 306 3812 mendara
329 3747 414 3826 (758,
440 3747 511 3829 787,
537 3747 624 3830 751).

67 3853 69 3857 ’
237 3851 352 3916 Ε1166
385 3850 631 3917 Sostratam
666 3874 794 3917 socrum
828 3853 967 3939 proprie
1000 3852 1155 3918 instituit
1183 3855 1296 3938 poeta.

148 3955 212 4021 Est
242 3955 330 4020 enim
361 3955 518 4021 benivola
540 3955 662 4021 mulier
690 3957 809 4043 (praef.
834 3957 917 4041 19),
948 3978 1033 4044 quae
1062 3960 1155 4023 amet
1176 3980 1296 4022 nurum

148 4068 252 4146 atque
276 4083 360 4126 vera
384 4064 419 4126 et
443 4083 548 4148 paene
570 4060 670 4126 nimis
695 4083 809 4127 amans
832 4068 942 4128 mater
966 4062 1012 4128 sit
1035 4062 1097 4128 filii
1120 4061 1294 4147 (35312,

242 4208 268 4276 1)
288 4208 411 4277 Hecyrae
431 4224 565 4275 personae
584 4207 718 4274 quomodo
737 4206 866 4261 recedant
882 4225 898 4261 a
917 4209 1081 4264 comicorum
1101 4208 1297 4264 consuetudine

148 4295 222 4350 infra
243 4296 477 4351 demonstrabitur
496 4316 521 4366 p.
542 4301 583 4350 73.
