2946 4734
627 340 837 405 -13..

180 522 259 581 Ovid.
277 520 347 576 trist.
367 518 406 573 IV
424 519 449 589 6,
461 519 473 572 l
484 536 543 588 sqq.

287 671 290 676 ⁴
308 611 432 676 tempore
449 603 582 661 ruricolae
599 602 707 674 patiens
724 603 757 657 fit
774 607 869 659 taurus
887 604 974 660 aratri

360 692 475 763 praebet
491 694 521 758 et
538 691 651 752 incurvo
672 689 743 744 colla
758 691 910 760 premenda
926 691 1001 761 iugo,

308 782 431 849 tempore
448 780 529 849 paret
546 794 630 847 equus
648 774 730 829 lentis
748 775 887 831 animosus
906 778 1022 833 habenis

359 870 388 922 et
405 865 514 936 placido
532 859 614 919 duros
631 861 732 932 accipit
751 882 796 920 ore
814 865 900 934 lupos,

309 956 432 1025 tempore
450 953 603 1008 Poenorum
620 952 800 1024 compescitur
816 951 860 1006 ira
877 953 995 1015 leonum.

252 1112 254 1115 ι
286 1046 287 1049 ’
360 1056 410 1094 neo
428 1025 523 1094 feritas
541 1039 642 1104 animo,
661 1056 732 1109 quae
750 1038 805 1093 fuit
823 1042 895 1106 ante,
914 1043 1017 1095 manet.

308 1141 433 1196 quaeque
451 1125 493 1180 sui
510 1126 588 1180 iussis
606 1126 779 1197 obtemperat
798 1126 867 1181 Inda
884 1125 1013 1197 magistri

358 1213 447 1277 belua
466 1211 608 1268 servitium
627 1216 751 1283 tempore
770 1213 844 1268 victa
861 1213 943 1268 subit

180 1308 262 1376 Prop.
281 1307 308 1359 II
325 1307 426 1375 4‚3sq.

308 1410 340 1447 aa
358 1393 444 1449 veluti
462 1392 552 1463 primo
569 1395 664 1448 taurim
681 1392 817 1448 detrectat
835 1395 936 1458 aratra

359 1483 423 1550 post
440 1479 517 1534 venit
534 1482 640 1534 assueto
660 1478 750 1534 mollis
767 1479 803 1534 ad
821 1497 889 1534 arva
906 1478 982 1548 iugo,

309 1564 346 1620 sic
364 1565 454 1636 primo
472 1565 584 1621 iuvenes
602 1564 745 1635 trepidant
763 1565 793 1620 iu
814 1581 907 1621 amore
924 1565 1035 1634 feroces,

275 1719 276 1722 Ἰ
362 1651 461 1708 dehinc
479 1652 578 1708 domiti
594 1655 657 1723 post
674 1651 743 1707 liaeo
760 1669 849 1720 aequa
866 1654 895 1707 et
912 1650 1009 1721 iniqua
1026 1651 1126 1707 ferunt.
1150 1703 1152 1708 .

181 1743 541 1815 ffimfflme·
619 1818 622 1822 ι

310 1831 454 1888 Armenias
469 1832 555 1902 tigres
573 1835 602 1889 et
619 1833 708 1887 fulvas
724 1832 770 1888 illa
788 1833 897 1888 leaenas

363 1918 430 1974 vicit
447 1923 475 1975 et
492 1921 635 1976 indomitis
653 1920 749 1976 mollia
768 1921 858 1990 corda
868 1918 953 1973 dedit.

311 2005 378 2060 haee
398 2008 481 2063 Amor
499 2011 528 2063 et
545 2008 651 2064 maiora
669 2010 750 2064 valet.

148 2098 219 2162 Huc
244 2100 328 2166 adde
350 2101 446 2184 Prop.
469 2105 496 2168 ΙΙ
517 2105 567 2181 34,
583 2106 623 2169 47
641 2125 710 2188 sqq.
743 2104 835 2168 Ovid.
858 2103 978 2167 heroid.
1000 2105 1043 2168 IV
1065 2106 1102 2169 al
1122 2125 1192 2188 sqq.
1223 2106 1316 2173 Ovid.

148 2199 215 2264 her.
229 2202 311 2266 1197
324 2222 371 2284 sq.
392 2203 485 2269 Ovid.
497 2208 557 2268 art.
568 2205 593 2268 ll
604 2205 643 2269 97
655 2226 702 2286 sq.
718 2204 811 2268 Ovid.
823 2207 882 2268 ari.
894 2205 925 2267 Il
941 2206 997 2268 183
1009 2225 1056 2286 sq.
1078 2205 1159 2270 Giris
1175 2208 1234 2271 135
1245 2228 1318 2290 sqq.

148 2299 268 2381 Lydiae
280 2303 320 2366 28
337 2323 407 2385 sqq.
441 2304 562 2368 anthol.
576 2305 644 2368 Lat.
669 2305 738 2382 200,
751 2305 802 2368 81.
846 2305 958 2385 Ipsum
981 2324 1056 2368 vero
1078 2306 1317 2373 Alexandrinae

149 2401 269 2482 elegiae
298 2403 474 2484 principem
502 2403 566 2467 hac
595 2403 837 2485 comparatione
866 2423 960 2467 usum
991 2423 1060 2469 esse
1091 2426 1212 2488 magno
1241 2427 1316 2473 curn

150 2501 267 2581 gaudio
290 2502 452 2568 videmus:

183 2599 269 2669 epigr.
287 2599 362 2654 XLV
381 2600 485 2654 anthol.
505 2601 563 2664 Pal,
582 2601 637 2655 XII
657 2601 706 2656 149

312 2682 462 2758 ‘qudq'oec
481 2689 500 2754 †
517 2688 583 2758 napi
601 2686 701 2757 φεύγε,
720 2682 911 2757 Μενέκρατες’
930 2682 995 2739 elna
1013 2684 1152 2758 Πανήμου

318 2847 330 2859 .
366 2772 465 2842 εἰκάδι,
490 2777 537 2828 κατ’
554 2771 635 2848 Asino
654 2774 688 2850 τῇ
706 2777 774 2838 τίνι;
801 2773 835 2849 τῇ
853 2770 956 2847 δεκάτῃ

313 2859 402 2933 ἦλθεν
420 2859 435 2914 ὅ
452 2861 517 2931 βοῦς
535 2855 582 2915 ὕπ’
600 2857 721 2934 ἄροτρον
739 2857 866 2919 ἑκούσιος
883 2878 937 2929 equ.

151 2955 297 3033 Quocum
321 2976 513 3038 componas:

183 3054 275 3108 Rufini
293 3055 380 3125 epigr.
400 3055 506 3110 anthol.
525 3055 581 3109 Pal.
601 3053 627 3108 V
646 3054 680 3106 22

314 3144 357 3194 σοί
372 3161 411 3214 με
428 3141 525 3214 λάτριν
543 3140 717 3212 γλυκύδωρσς
730 3136 816 3212 Ἔρως
833 3138 986 3210 παρέδωκε,
1005 3138 1110 3204 Βοῶπι,

368 3227 471 3300 ταῦρον
489 3222 640 3291 tantaleas
660 3226 701 3287 εἰς
718 3223 811 3278 πόθον
831 3221 996 3296 αὐτόμολον.

184 3321 272 3377 Marci
290 3322 450 3392 Argentarii
466 3322 552 3392 epigr.
571 3321 677 3376 anthol.
696 3321 754 3375 Pal.
772 3320 812 3372 IX
831 3318 916 3382 2225

469 3403 484 3460 ὅ
505 3406 612 3480 (Ἔρως)
630 3402 685 3481 γὰρ
705 3407 752 3460 καὶ
770 3404 847 3477 θῆρα
865 3405 991 3475 δαμάζων

315 3491 425 3568 ἄγριον,
445 3490 510 3548 orid'
531 3490 632 3564 ὄλίγων
651 3495 778 3561 φείσεται
798 3486 928 3562 ἁμερίων.

150 3589 250 3670 Longi
274 3596 393 3672 pastor.
416 3591 442 3655 ll
464 3590 527 3668 7,4
557 3590 656 3669 ἔγνων
679 3587 708 3648 δ’
733 3583 794 3666 ἐγώ
824 3586 878 3647 καὶ
901 3587 1021 3663 ταῦρον
1044 3584 1243 3663 ἐρασθέντα,
1266 3585 1319 3645 καὶ

151 3688 192 3760 ὠς
214 3689 334 3771 οἴστρῳ
366 3689 497 3772 πληγεὶς
519 3690 672 3766 ἐμυκᾶτο.
715 3687 805 3764 Quae
835 3684 982 3766 exempla
1011 3684 1037 3747 si
1058 3683 1320 3761 consideraveris

151 3789 242 3853 facile
265 3792 422 3855 concedes
443 3789 634 3853 sententiam
658 3787 744 3850 illam
770 3805 808 3848 ex
830 3784 997 3848 comoedia
1019 3782 1128 3864 aliqua
1151 3782 1258 3846 Attica
1277 3784 1320 3847 ad

150 3889 394 3968 Alexandrinos,
419 3889 534 3953 deiude
556 3887 598 3951 ad
619 3887 787 3950 Romanos
809 3889 922 3966 poetas
943 3883 1100 3962 elegiacos
1121 3880 1258 3945 fluxisse.

233 3988 326 4055 Nunc
349 4010 425 4054 vero
445 3990 486 4053 ad
508 3989 659 4052 Plautum
684 3986 855 4049 redeamus
877 3984 909 4046 in
931 3983 1021 4046 cuius
1038 3982 1215 4044 Mercatore
1237 4000 1321 4043 unus

152 4091 340 4155 adulescens
363 4088 465 4166 alteri,
489 4088 542 4169 qui
566 4091 698 4168 propter
720 4085 876 4147 infelicem
902 4101 1044 4146 amorem
1065 4080 1204 4162 patriam
1226 4078 1320 4142 relin-

152 4210 251 4272 quere
272 4189 352 4267 vull‚
373 4188 449 4284 dicit
471 4207 500 4249 v.
524 4189 584 4252 65⁶2
603 4206 672 4269 sqq.
