2946 4734
632 399 842 462 ..76-

149 564 352 648 describi,
384 573 473 635 cuius
500 573 623 654 legibus
646 580 743 659 atque
764 583 918 660 praecept
920 580 946 642 is
969 579 1114 646 homines
1140 583 1239 660 longo
1262 592 1319 639 usu

148 669 307 733 amatorio
333 621 418 735 docti
395 674 646 754 timperitos
638 681 701 740 inst
703 697 795 742 ruere
817 678 949 743 soleant.
993 680 1046 745 Sic
1068 683 1214 765 queritur
1231 684 1320 749 Dini-

148 767 296 832 archus
288 789 320 833 1n
343 771 448 835 Plauti
471 773 599 838 Trucul
626 777 639 839 1
661 796 708 857 sq

336 885 392 923 non
411 869 499 923 omnis
517 874 592 926 aetas
611 873 646 927 ad
665 873 871 943 perdiscendum
890 880 933 931 sat
952 881 993 933 est

328 956 450 1020 amanti,
469 957 535 1009 dum
553 957 581 1026 id
600 959 744 1027 perdiscat,
762 965 830 1030 quot
849 966 945 1032 pertea
964 964 1052 1020 modis
1073 983 1129 1037 eqs.

145 1038 261 1104 Postea
285 1041 361 1106 dicit
384 1044 557 1109 meretricis
580 1047 695 1111 ancilla
727 1048 801 1113 huic
824 1050 1001 1131 despoliato
1024 1057 1124 1136 atque
1145 1057 1319 1139 repudiabo

145 1138 341 1205 adulescenti
363 1163 392 1206 r.
418 1144 478 1207 735
495 1163 564 1226 sqq.

319 1237 426 1294 litteras
445 1241 579 1296 didicisti:
599 1243 709 1311 quando
726 1245 784 1309 scis,
804 1247 862 1300 sine
880 1248 947 1302 alios
966 1248 1092 1306 discere.

214 1322 289 1377 liin:
322 1324 437 1391 discant,
456 1325 522 1380 dum
541 1328 609 1381 mihi
629 1331 808 1385 commentari
827 1331 916 1401 liceat,
936 1335 965 1388 ni
984 1336 1085 1391 oblitus
1103 1338 1171 1393 116111
1229 1368 1234 1377 ·

213 1410 286 1464 Aet:
323 1411 389 1480 quid
409 1412 461 1466 erit
479 1413 585 1469 interea
606 1416 764 1486 magistrae,
783 1419 848 1472 dum
866 1424 898 1474 tu
917 1423 1147 1479 commentabere.

146 1496 296 1561 Similiter
317 1498 462 1564 Cleareta
487 1521 559 1565 cunr
580 1505 763 1588 Argyrippo
786 1507 961 1572 altercatur
980 1510 1012 1574 in
1035 1508 1142 1576 Plauti
1167 1513 1317 1579 Asinaria

143 1616 172 1659 v.
194 1598 255 1660 aaa
273 1618 344 1679 sqq.

318 1694 432 1750 haecine
450 1700 478 1750 te
496 1715 553 1752 esse
572 1700 696 1765 oblitum,
715 1702 744 1757 in
764 1705 826 1759 ludo
845 1706 893 1773 qui
912 1705 989 1761 luisti
1007 1711 1068 1762 tam
1086 1708 1156 1763 diui

179 1781 292 1850 Argyr.:
317 1784 367 1835 tua
384 1782 438 1836 ista
455 1785 536 1854 culpa
549 1789 597 1849 est,
614 1805 684 1856 quae
701 1788 864 1860 discipulum
882 1792 1061 1848 semidoctum
1081 1798 1131 1850 abs
1151 1799 1181 1850 te
1197 1812 1315 1851 amoves

187 1866 286 1921 Clean:
314 1871 435 1923 remeato
456 1871 598 1941 audacter,
617 1875 767 1929 mercedem
787 1877 809 1930 si
828 1879 879 1932 eris
898 1883 1001 1945 nactus,

146 1954 272 2031 Quibus
295 1957 447 2037 exemplis
469 1959 570 2023 multa
594 1961 656 2025 alia
679 1964 810 2045 adiungi
833 1972 985 2047 possunt:

180 2052 286 2106 Trucul.
307 2054 354 2107 131

322 2142 395 2196 mala
413 2145 444 2196 tu
463 2143 566 2198 femina
583 2162 618 2207 ee,
633 2144 688 2199 oles
706 2146 778 2200 unde
796 2165 824 2202 es
842 2148 1022 2218 disciplinam.

179 2224 287 2279 Terent.
304 2226 402 2294 Hecyr.
422 2228 473 2281 203
482 2246 539 2297 sqq.

246 2311 276 2364 in
295 2313 444 2382 eodemque
462 2332 555 2370 omnes
572 2317 642 2369 mihi
661 2317 790 2371 videntur
809 2316 872 2369 ludo
891 2316 987 2371 doctae
1005 2316 1041 2371 ad
1061 2317 1206 2373 malitiam.

246 2397 271 2450 ei
291 2398 361 2463 ludo,
380 2399 402 2452 si
421 2401 493 2454 ullus
512 2405 559 2466 est,
579 2403 741 2472 magistram
760 2402 831 2457 hanc
849 2420 906 2457 esse
924 2403 990 2457 satis
1008 2406 1082 2458 certo
1100 2403 1164 2459 scio.

176 2483 302 2537 Bacchid.
323 2486 371 2538 163
381 2504 439 2554 sqq.

313 2571 388 2639 peior
407 2574 536 2644 magister
555 2578 583 2628 te
601 2574 685 2628 istaec
703 2573 810 2636 docuit,
836 2591 890 2628 non
908 2590 968 2642 ego.

315 2658 399 2712 nimio
418 2677 445 2714 es
465 2665 496 2715 tu
515 2661 549 2714 ad
568 2660 634 2713 istas
654 2677 695 2714 res
715 2660 861 2729 discipulus
881 2659 995 2713 docilior

311 2763 393 2813 quam
412 2748 447 2801 ad
466 2747 521 2816 illa,
541 2764 611 2816 quae
629 2749 657 2799 te
676 2746 762 2808 docui,
782 2746 828 2799 ubi
848 2763 959 2814 operam
977 2745 1091 2815 perdidi.
1156 2770 1162 2777 ·

139 2849 184 2912 De
212 2850 358 2930 Scapha,
393 2871 476 2932 quae
502 2852 694 2915 Philematio
726 2856 899 2932 praecepta
933 2850 1093 2915 amatoria
1130 2849 1198 2928 dat,
1233 2850 1308 2915 dicit

140 2967 263 3012 luvems
286 2951 376 3013 MOSt'
401 2951 459 3014 170
476 2972 522 3032 sq'
651 3032 768 3101 lepidast
787 3031 908 3100 Scapha,
927 3031 999 3100 sapit
1016 3030 1131 3085 scelesta
1148 3030 1275 3085 multum.

206 3116 238 3166 ut
256 3113 345 3182 lepide
363 3134 456 3171 omnes
483 3135 592 3172 mores
610 3122 712 3172 tenet
731 3117 1012 3185 sententiasque
1031 3119 1231 3186 amantum,

172 3203 200 3253 et
219 3218 243 3253 v.
263 3201 313 3256 279

206 3290 237 3339 ut
256 3287 383 3355 perdocte
402 3292 486 3343 cunta
503 3291 592 3343 callet.
626 3288 695 3341 nihil
715 3289 767 3341 hac
785 3288 867 3342 docta
885 3287 998 3341 doctius.

219 3374 443 3454 Magistrae
476 3382 611 3440 autem
645 3377 766 3439 huius
801 3376 908 3438 artis
947 3376 1180 3440 amatoriae
1212 3381 1307 3441 sunt

136 3472 379 3556 plerumque
395 3482 559 3540 veteres
581 3482 619 3540 et
635 3495 791 3539 avarae
808 3475 1072 3552 meretrices,
1095 3493 1180 3556 quae
1195 3474 1306 3539 militia

135 3574 254 3635 amoris
278 3574 447 3639 deiunctae
470 3577 647 3641 iunioribus
670 3576 818 3657 peritiam
842 3595 933 3639 suam
955 3576 1096 3639 tradunt.
1140 3572 1306 3657 Optimum

135 3673 296 3752 specimen
337 3676 408 3739 talis
449 3677 631 3758 decrepitae
674 3678 764 3740 lenae
805 3676 937 3756 praebet
970 3674 1097 3756 Scapha
1131 3674 1163 3737 in
1200 3672 1306 3739 Plauti

134 3772 336 3851 Mostellaria,
362 3796 445 3856 quae
468 3797 496 3839 v,
523 3777 581 3840 156
600 3797 668 3857 sqq.
694 3776 843 3839 dominae
865 3795 944 3838 suae
967 3775 1120 3856 explicat,
1143 3776 1306 3857 quomodo

134 3871 269 3952 pulchra
300 3875 413 3938 mulier
435 3877 581 3939 ornanda
613 3877 652 3939 sit
685 3881 783 3957 atque
805 3875 907 3938 forma
931 3894 990 3938 sua
1012 3875 1054 3938 ad
1082 3879 1254 3956 quaestum
1275 3878 1306 3941 et

136 3971 261 4036 lucrum
285 3974 466 4037 laciendum
486 3976 531 4039 uti
548 3976 673 4039 debeat.
718 3975 761 4037 Ut
784 3980 945 4038 amatores
969 3974 1145 4054 spolientur
1166 3979 1199 4039 et
1221 3975 1306 4041 deci·

137 4071 282 4151 piantur,
317 4074 413 4136 etiam
448 4076 480 4136 in
510 4075 639 4157 reliquis
678 4075 793 4138 fabulis
823 4075 996 4154 magistrae
1027 4073 1099 4137 illae
1131 4074 1307 4141 admonere

134 4170 244 4234 solent.
305 4172 462 4254 imprimis
495 4180 630 4251 matres,
667 4195 750 4256 quae
783 4174 920 4236 tiliarum
955 4177 1090 4255 quaestu
1123 4174 1305 4247 meretricio

132 4269 252 4334 victum
284 4291 376 4334 suurn
412 4274 560 4352 capiunt,
599 4294 653 4337 eas
686 4273 830 4349 edocent,
863 4272 1026 4353 quomodo
1057 4276 1227 4353 argentum
1260 4272 1303 4339 ab
