<?xml version="1.0" encoding="UTF-8"?>
<!DOCTYPE html PUBLIC "-//W3C//DTD XHTML 1.0 Transitional//EN"
    "http://www.w3.org/TR/xhtml1/DTD/xhtml1-transitional.dtd">
<html xmlns="http://www.w3.org/1999/xhtml" xml:lang="en" lang="en">
 <head>
  <title>
</title>
<meta http-equiv="Content-Type" content="text/html;charset=utf-8" />
  <meta name='ocr-system' content='tesseract 3.04.00' />
  <meta name='ocr-capabilities' content='ocr_page ocr_carea ocr_par ocr_line ocrx_word'/>
</head>
<body>
  <div class='ocr_page' id='page_1' title='image "./deincertipoetae00schagoog_0022.png"; bbox 0 0 2946 4734; ppageno 0'>
   <div class='ocr_carea' id='block_1_1' title="bbox 711 228 747 291">
    <p class='ocr_par' dir='ltr' id='par_1_1' title="bbox 711 228 747 291">
     <span class='ocr_line' id='line_1_1' title="bbox 711 228 747 291; baseline 0 0"><span class='ocrx_word' id='word_1_1' title='bbox 711 228 747 291; x_wconf 93' lang='lat' dir='ltr'>II</span> 
     </span>
    </p>
   </div>
   <div class='ocr_carea' id='block_1_2' title="bbox 147 405 1326 2085">
    <p class='ocr_par' dir='ltr' id='par_1_2' title="bbox 147 405 1326 2085">
     <span class='ocr_line' id='line_1_2' title="bbox 147 405 1323 490; baseline -0.001 -21"><span class='ocrx_word' id='word_1_2' title='bbox 147 407 229 470; x_wconf 92' lang='lat' dir='ltr'>illius</span> <span class='ocrx_word' id='word_1_3' title='bbox 252 407 370 471; x_wconf 87' lang='lat' dir='ltr'>saeculi</span> <span class='ocrx_word' id='word_1_4' title='bbox 392 406 448 470; x_wconf 87' lang='lat' dir='ltr'>viri</span> <span class='ocrx_word' id='word_1_5' title='bbox 471 406 556 471; x_wconf 92' lang='lat' dir='ltr'>docti</span> <span class='ocrx_word' id='word_1_6' title='bbox 577 427 673 487; x_wconf 85' lang='lat' dir='ltr'>saepe</span> <span class='ocrx_word' id='word_1_7' title='bbox 696 409 828 490; x_wconf 91' lang='lat' dir='ltr'>antiquo</span> <span class='ocrx_word' id='word_1_8' title='bbox 848 409 945 471; x_wconf 91' lang='lat' dir='ltr'>modo</span> <span class='ocrx_word' id='word_1_9' title='bbox 966 406 1110 469; x_wconf 89' lang='lat' dir='ltr'>carmina</span> <span class='ocrx_word' id='word_1_10' title='bbox 1127 405 1323 485; x_wconf 83' lang='lat' dir='ltr'>conscripse·</span> 
     </span>
     <span class='ocr_line' id='line_1_3' title="bbox 151 504 1323 590; baseline -0.003 -19"><span class='ocrx_word' id='word_1_11' title='bbox 151 509 223 587; x_wconf 88' lang='lat' dir='ltr'>rint,</span> <span class='ocrx_word' id='word_1_12' title='bbox 247 511 359 571; x_wconf 85' lang='lat' dir='ltr'>tamen</span> <span class='ocrx_word' id='word_1_13' title='bbox 378 508 538 571; x_wconf 90' lang='lat' dir='ltr'>neminem</span> <span class='ocrx_word' id='word_1_14' title='bbox 564 527 683 583; x_wconf 86' lang='lat' dir='ltr'>eorum,</span> <span class='ocrx_word' id='word_1_15' title='bbox 713 508 860 590; x_wconf 90' lang='lat' dir='ltr'>quamvis</span> <span class='ocrx_word' id='word_1_16' title='bbox 881 507 976 572; x_wconf 87' lang='lat' dir='ltr'>fuerit</span> <span class='ocrx_word' id='word_1_17' title='bbox 998 508 1109 570; x_wconf 88' lang='lat' dir='ltr'>doctus</span> <span class='ocrx_word' id='word_1_18' title='bbox 1134 510 1166 569; x_wconf 93' lang='lat' dir='ltr'>ct</span> <span class='ocrx_word' id='word_1_19' title='bbox 1184 504 1323 586; x_wconf 88' lang='lat' dir='ltr'>antiqui-</span> 
     </span>
     <span class='ocr_line' id='line_1_4' title="bbox 150 603 1324 688; baseline -0.006 -16"><span class='ocrx_word' id='word_1_20' title='bbox 150 608 225 672; x_wconf 85' lang='lat' dir='ltr'>tatis</span> <span class='ocrx_word' id='word_1_21' title='bbox 239 607 370 688; x_wconf 84' lang='lat' dir='ltr'>peritus,</span> <span class='ocrx_word' id='word_1_22' title='bbox 390 610 515 670; x_wconf 87' lang='lat' dir='ltr'>tantum</span> <span class='ocrx_word' id='word_1_23' title='bbox 537 626 669 671; x_wconf 89' lang='lat' dir='ltr'>carmen</span> <span class='ocrx_word' id='word_1_24' title='bbox 689 607 830 688; x_wconf 90' lang='lat' dir='ltr'>potuisse</span> <span class='ocrx_word' id='word_1_25' title='bbox 852 625 1042 688; x_wconf 84' lang='lat' dir='ltr'>componere</span> <span class='ocrx_word' id='word_1_26' title='bbox 1060 607 1102 669; x_wconf 88' lang='lat' dir='ltr'>ab</span> <span class='ocrx_word' id='word_1_27' title='bbox 1122 605 1255 685; x_wconf 88' lang='lat' dir='ltr'>antiquo</span> <span class='ocrx_word' id='word_1_28' title='bbox 1275 603 1324 666; x_wconf 92' lang='lat' dir='ltr'>in-</span> 
     </span>
     <span class='ocr_line' id='line_1_5' title="bbox 150 704 1325 788; baseline -0.003 -18"><span class='ocrx_word' id='word_1_29' title='bbox 150 706 243 788; x_wconf 88' lang='lat' dir='ltr'>genio</span> <span class='ocrx_word' id='word_1_30' title='bbox 264 726 332 771; x_wconf 94' lang='lat' dir='ltr'>non</span> <span class='ocrx_word' id='word_1_31' title='bbox 353 705 500 769; x_wconf 92' lang='lat' dir='ltr'>alienum.</span> <span class='ocrx_word' id='word_1_32' title='bbox 533 705 638 783; x_wconf 86' lang='lat' dir='ltr'>Quam</span> <span class='ocrx_word' id='word_1_33' title='bbox 662 706 845 770; x_wconf 89' lang='lat' dir='ltr'>Buecheleri</span> <span class='ocrx_word' id='word_1_34' title='bbox 865 707 1055 771; x_wconf 79' lang='lat' dir='ltr'>sententiam</span> <span class='ocrx_word' id='word_1_35' title='bbox 1074 704 1228 769; x_wconf 90' lang='lat' dir='ltr'>Huebner</span> <span class='ocrx_word' id='word_1_36' title='bbox 1245 723 1325 785; x_wconf 93' lang='lat' dir='ltr'>quo-</span> 
     </span>
     <span class='ocr_line' id='line_1_6' title="bbox 149 804 1326 888; baseline -0.004 -18"><span class='ocrx_word' id='word_1_37' title='bbox 149 826 209 888; x_wconf 90' lang='lat' dir='ltr'>que</span> <span class='ocrx_word' id='word_1_38' title='bbox 231 804 368 887; x_wconf 79' lang='lat' dir='ltr'>tangit¹l</span> <span class='ocrx_word' id='word_1_39' title='bbox 397 806 454 869; x_wconf 91' lang='lat' dir='ltr'>sed</span> <span class='ocrx_word' id='word_1_40' title='bbox 484 825 591 888; x_wconf 87' lang='lat' dir='ltr'>neque</span> <span class='ocrx_word' id='word_1_41' title='bbox 616 808 807 887; x_wconf 88' lang='lat' dir='ltr'>comprobat</span> <span class='ocrx_word' id='word_1_42' title='bbox 830 826 936 887; x_wconf 91' lang='lat' dir='ltr'>neque</span> <span class='ocrx_word' id='word_1_43' title='bbox 959 806 1086 869; x_wconf 76' lang='lat' dir='ltr'>refutat.</span> <span class='ocrx_word' id='word_1_44' title='bbox 1129 804 1283 868; x_wconf 88' lang='lat' dir='ltr'>Huebner</span> <span class='ocrx_word' id='word_1_45' title='bbox 1305 822 1326 866; x_wconf 87' lang='lat' dir='ltr'>a</span> 
     </span>
     <span class='ocr_line' id='line_1_7' title="bbox 149 904 1320 987; baseline -0.003 -18"><span class='ocrx_word' id='word_1_46' title='bbox 149 925 211 987; x_wconf 92' lang='lat' dir='ltr'>quo</span> <span class='ocrx_word' id='word_1_47' title='bbox 234 904 428 986; x_wconf 72' lang='lat' dir='ltr'>epicedion2)</span> <span class='ocrx_word' id='word_1_48' title='bbox 451 905 482 969; x_wconf 94' lang='lat' dir='ltr'>in</span> <span class='ocrx_word' id='word_1_49' title='bbox 507 905 647 969; x_wconf 87' lang='lat' dir='ltr'>secundo</span> <span class='ocrx_word' id='word_1_50' title='bbox 670 925 702 986; x_wconf 92' lang='lat' dir='ltr'>p.</span> <span class='ocrx_word' id='word_1_51' title='bbox 718 904 790 969; x_wconf 86' lang='lat' dir='ltr'>Chr.</span> <span class='ocrx_word' id='word_1_52' title='bbox 814 906 942 969; x_wconf 89' lang='lat' dir='ltr'>saeculo</span> <span class='ocrx_word' id='word_1_53' title='bbox 962 905 1101 986; x_wconf 87' lang='lat' dir='ltr'>ponitur,</span> <span class='ocrx_word' id='word_1_54' title='bbox 1132 904 1320 968; x_wconf 83' lang='lat' dir='ltr'>huiussen·</span> 
     </span>
     <span class='ocr_line' id='line_1_8' title="bbox 150 1004 1322 1088; baseline -0.003 -18"><span class='ocrx_word' id='word_1_55' title='bbox 150 1007 267 1070; x_wconf 81' lang='lat' dir='ltr'>tentiae</span> <span class='ocrx_word' id='word_1_56' title='bbox 287 1025 354 1068; x_wconf 91' lang='lat' dir='ltr'>non</span> <span class='ocrx_word' id='word_1_57' title='bbox 372 1007 467 1070; x_wconf 89' lang='lat' dir='ltr'>aliam</span> <span class='ocrx_word' id='word_1_58' title='bbox 492 1006 586 1070; x_wconf 82' lang='lat' dir='ltr'>affert</span> <span class='ocrx_word' id='word_1_59' title='bbox 617 1025 747 1069; x_wconf 85' lang='lat' dir='ltr'>causam</span> <span class='ocrx_word' id='word_1_60' title='bbox 772 1010 869 1088; x_wconf 90' lang='lat' dir='ltr'>atque</span> <span class='ocrx_word' id='word_1_61' title='bbox 891 1026 971 1082; x_wconf 84' lang='lat' dir='ltr'>cam,</span> <span class='ocrx_word' id='word_1_62' title='bbox 1003 1005 1089 1087; x_wconf 93' lang='lat' dir='ltr'>quod</span> <span class='ocrx_word' id='word_1_63' title='bbox 1108 1005 1163 1068; x_wconf 91' lang='lat' dir='ltr'>illa</span> <span class='ocrx_word' id='word_1_64' title='bbox 1183 1004 1263 1067; x_wconf 80' lang='lat' dir='ltr'>viria</span> <span class='ocrx_word' id='word_1_65' title='bbox 1284 1023 1322 1066; x_wconf 90' lang='lat' dir='ltr'>ac</span> 
     </span>
     <span class='ocr_line' id='line_1_9' title="bbox 150 1104 1324 1186; baseline 0 -18"><span class='ocrx_word' id='word_1_66' title='bbox 150 1105 269 1168; x_wconf 90' lang='lat' dir='ltr'>menda</span> <span class='ocrx_word' id='word_1_67' title='bbox 291 1105 334 1168; x_wconf 93' lang='lat' dir='ltr'>ab</span> <span class='ocrx_word' id='word_1_68' title='bbox 354 1106 495 1186; x_wconf 91' lang='lat' dir='ltr'>Hauptio</span> <span class='ocrx_word' id='word_1_69' title='bbox 517 1107 712 1186; x_wconf 89' lang='lat' dir='ltr'>reprehensa</span> <span class='ocrx_word' id='word_1_70' title='bbox 732 1105 889 1169; x_wconf 84' lang='lat' dir='ltr'>committi</span> <span class='ocrx_word' id='word_1_71' title='bbox 919 1125 985 1169; x_wconf 93' lang='lat' dir='ltr'>non</span> <span class='ocrx_word' id='word_1_72' title='bbox 1013 1104 1154 1186; x_wconf 89' lang='lat' dir='ltr'>potuisse</span> <span class='ocrx_word' id='word_1_73' title='bbox 1181 1105 1281 1168; x_wconf 90' lang='lat' dir='ltr'>credit</span> <span class='ocrx_word' id='word_1_74' title='bbox 1304 1124 1324 1168; x_wconf 98' lang='lat' dir='ltr'>a</span> 
     </span>
     <span class='ocr_line' id='line_1_10' title="bbox 149 1203 1323 1287; baseline 0.003 -19"><span class='ocrx_word' id='word_1_75' title='bbox 149 1205 329 1287; x_wconf 88' lang='lat' dir='ltr'>Lygdamis,</span> <span class='ocrx_word' id='word_1_76' title='bbox 352 1204 490 1284; x_wconf 87' lang='lat' dir='ltr'>Grattiis,</span> <span class='ocrx_word' id='word_1_77' title='bbox 513 1205 632 1283; x_wconf 87' lang='lat' dir='ltr'>Statiis,</span> <span class='ocrx_word' id='word_1_78' title='bbox 656 1204 802 1281; x_wconf 70' lang='lat' dir='ltr'>Lucanis</span> <span class='ocrx_word' id='word_1_79' title='bbox 825 1205 937 1269; x_wconf 90' lang='lat' dir='ltr'>ceteris</span> <span class='ocrx_word' id='word_1_80' title='bbox 955 1204 1049 1286; x_wconf 90' lang='lat' dir='ltr'>primi</span> <span class='ocrx_word' id='word_1_81' title='bbox 1073 1204 1190 1268; x_wconf 88' lang='lat' dir='ltr'>saeculi</span> <span class='ocrx_word' id='word_1_82' title='bbox 1212 1203 1323 1285; x_wconf 77' lang='lat' dir='ltr'>poetis,</span> 
     </span>
     <span class='ocr_line' id='line_1_11' title="bbox 150 1303 1324 1386; baseline 0 -19"><span class='ocrx_word' id='word_1_83' title='bbox 150 1304 302 1386; x_wconf 81' lang='lat' dir='ltr'>Equidem</span> <span class='ocrx_word' id='word_1_84' title='bbox 327 1324 455 1385; x_wconf 82' lang='lat' dir='ltr'>semper</span> <span class='ocrx_word' id='word_1_85' title='bbox 475 1305 507 1368; x_wconf 93' lang='lat' dir='ltr'>in</span> <span class='ocrx_word' id='word_1_86' title='bbox 524 1305 608 1368; x_wconf 91' lang='lat' dir='ltr'>hanc</span> <span class='ocrx_word' id='word_1_87' title='bbox 625 1305 818 1368; x_wconf 88' lang='lat' dir='ltr'>sententiam</span> <span class='ocrx_word' id='word_1_88' title='bbox 834 1323 996 1368; x_wconf 85' lang='lat' dir='ltr'>recurram</span> <span class='ocrx_word' id='word_1_89' title='bbox 1016 1323 1037 1367; x_wconf 91' lang='lat' dir='ltr'>a</span> <span class='ocrx_word' id='word_1_90' title='bbox 1055 1303 1158 1367; x_wconf 88' lang='lat' dir='ltr'>tirone</span> <span class='ocrx_word' id='word_1_91' title='bbox 1181 1305 1324 1386; x_wconf 90' lang='lat' dir='ltr'>quodam</span> 
     </span>
     <span class='ocr_line' id='line_1_12' title="bbox 149 1402 1325 1486; baseline -0.001 -18"><span class='ocrx_word' id='word_1_92' title='bbox 149 1407 272 1486; x_wconf 87' lang='lat' dir='ltr'>poetIco</span> <span class='ocrx_word' id='word_1_93' title='bbox 294 1405 458 1486; x_wconf 86' lang='lat' dir='ltr'>epicedion</span> <span class='ocrx_word' id='word_1_94' title='bbox 478 1404 691 1485; x_wconf 88' lang='lat' dir='ltr'>conscriptum</span> <span class='ocrx_word' id='word_1_95' title='bbox 722 1424 789 1468; x_wconf 90' lang='lat' dir='ltr'>esse</span> <span class='ocrx_word' id='word_1_96' title='bbox 811 1405 940 1469; x_wconf 84' lang='lat' dir='ltr'>saeculo</span> <span class='ocrx_word' id='word_1_97' title='bbox 964 1404 1076 1485; x_wconf 91' lang='lat' dir='ltr'>primo.</span> <span class='ocrx_word' id='word_1_98' title='bbox 1120 1402 1231 1486; x_wconf 90' lang='lat' dir='ltr'>Neque</span> <span class='ocrx_word' id='word_1_99' title='bbox 1251 1425 1325 1486; x_wconf 88' lang='lat' dir='ltr'>per·</span> 
     </span>
     <span class='ocr_line' id='line_1_13' title="bbox 150 1504 1322 1586; baseline 0 -18"><span class='ocrx_word' id='word_1_100' title='bbox 150 1505 274 1569; x_wconf 86' lang='lat' dir='ltr'>suaderi</span> <span class='ocrx_word' id='word_1_101' title='bbox 295 1504 374 1568; x_wconf 91' lang='lat' dir='ltr'>mihi</span> <span class='ocrx_word' id='word_1_102' title='bbox 390 1508 495 1586; x_wconf 92' lang='lat' dir='ltr'>potest</span> <span class='ocrx_word' id='word_1_103' title='bbox 516 1505 548 1568; x_wconf 95' lang='lat' dir='ltr'>id</span> <span class='ocrx_word' id='word_1_104' title='bbox 571 1505 691 1568; x_wconf 89' lang='lat' dir='ltr'>Iactum</span> <span class='ocrx_word' id='word_1_105' title='bbox 716 1525 785 1569; x_wconf 88' lang='lat' dir='ltr'>esse</span> <span class='ocrx_word' id='word_1_106' title='bbox 802 1508 874 1586; x_wconf 87' lang='lat' dir='ltr'>post</span> <span class='ocrx_word' id='word_1_107' title='bbox 895 1504 1030 1569; x_wconf 90' lang='lat' dir='ltr'>Neronis</span> <span class='ocrx_word' id='word_1_108' title='bbox 1051 1509 1197 1569; x_wconf 86' lang='lat' dir='ltr'>mortem.</span> <span class='ocrx_word' id='word_1_109' title='bbox 1240 1504 1322 1568; x_wconf 92' lang='lat' dir='ltr'>Nam</span> 
     </span>
     <span class='ocr_line' id='line_1_14' title="bbox 151 1604 1324 1687; baseline 0 -19"><span class='ocrx_word' id='word_1_110' title='bbox 151 1604 372 1669; x_wconf 85' lang='lat' dir='ltr'>consolationis</span> <span class='ocrx_word' id='word_1_111' title='bbox 391 1605 510 1667; x_wconf 88' lang='lat' dir='ltr'>auctori</span> <span class='ocrx_word' id='word_1_112' title='bbox 526 1605 609 1668; x_wconf 90' lang='lat' dir='ltr'>adeo</span> <span class='ocrx_word' id='word_1_113' title='bbox 631 1607 781 1668; x_wconf 88' lang='lat' dir='ltr'>accurate</span> <span class='ocrx_word' id='word_1_114' title='bbox 797 1604 925 1685; x_wconf 87' lang='lat' dir='ltr'>cognita</span> <span class='ocrx_word' id='word_1_115' title='bbox 937 1624 1006 1668; x_wconf 87' lang='lat' dir='ltr'>esse</span> <span class='ocrx_word' id='word_1_116' title='bbox 1021 1604 1172 1669; x_wconf 84' lang='lat' dir='ltr'>videntur</span> <span class='ocrx_word' id='word_1_117' title='bbox 1188 1605 1324 1687; x_wconf 83' lang='lat' dir='ltr'>Augusti</span> 
     </span>
     <span class='ocr_line' id='line_1_15' title="bbox 152 1704 1324 1786; baseline 0.001 -18"><span class='ocrx_word' id='word_1_118' title='bbox 152 1705 273 1786; x_wconf 85' lang='lat' dir='ltr'>imperii</span> <span class='ocrx_word' id='word_1_119' title='bbox 294 1708 449 1784; x_wconf 89' lang='lat' dir='ltr'>tempora,</span> <span class='ocrx_word' id='word_1_120' title='bbox 475 1708 511 1767; x_wconf 93' lang='lat' dir='ltr'>ut</span> <span class='ocrx_word' id='word_1_121' title='bbox 530 1708 646 1785; x_wconf 90' lang='lat' dir='ltr'>putare</span> <span class='ocrx_word' id='word_1_122' title='bbox 667 1724 796 1768; x_wconf 88' lang='lat' dir='ltr'>necesse</span> <span class='ocrx_word' id='word_1_123' title='bbox 819 1706 860 1768; x_wconf 93' lang='lat' dir='ltr'>sit</span> <span class='ocrx_word' id='word_1_124' title='bbox 873 1724 1003 1768; x_wconf 89' lang='lat' dir='ltr'>carmen</span> <span class='ocrx_word' id='word_1_125' title='bbox 1021 1704 1233 1786; x_wconf 88' lang='lat' dir='ltr'>compositum</span> <span class='ocrx_word' id='word_1_126' title='bbox 1255 1725 1324 1769; x_wconf 87' lang='lat' dir='ltr'>esse</span> 
     </span>
     <span class='ocr_line' id='line_1_16' title="bbox 152 1804 1325 1886; baseline 0 -17"><span class='ocrx_word' id='word_1_127' title='bbox 152 1825 188 1869; x_wconf 89' lang='lat' dir='ltr'>eo</span> <span class='ocrx_word' id='word_1_128' title='bbox 209 1809 354 1886; x_wconf 89' lang='lat' dir='ltr'>tempore</span> <span class='ocrx_word' id='word_1_129' title='bbox 386 1824 450 1885; x_wconf 93' lang='lat' dir='ltr'>quo</span> <span class='ocrx_word' id='word_1_130' title='bbox 479 1824 589 1868; x_wconf 86' lang='lat' dir='ltr'>onmes</span> <span class='ocrx_word' id='word_1_131' title='bbox 620 1804 653 1867; x_wconf 95' lang='lat' dir='ltr'>in</span> <span class='ocrx_word' id='word_1_132' title='bbox 686 1805 817 1868; x_wconf 89' lang='lat' dir='ltr'>domurn</span> <span class='ocrx_word' id='word_1_133' title='bbox 839 1804 976 1886; x_wconf 83' lang='lat' dir='ltr'>Augusti</span> <span class='ocrx_word' id='word_1_134' title='bbox 1002 1805 1111 1868; x_wconf 89' lang='lat' dir='ltr'>oculos</span> <span class='ocrx_word' id='word_1_135' title='bbox 1141 1808 1325 1869; x_wconf 89' lang='lat' dir='ltr'>convertere</span> 
     </span>
     <span class='ocr_line' id='line_1_17' title="bbox 152 1902 1325 1986; baseline 0.003 -20"><span class='ocrx_word' id='word_1_136' title='bbox 152 1904 296 1967; x_wconf 90' lang='lat' dir='ltr'>nondum</span> <span class='ocrx_word' id='word_1_137' title='bbox 319 1904 490 1967; x_wconf 88' lang='lat' dir='ltr'>desierant.</span> <span class='ocrx_word' id='word_1_138' title='bbox 522 1903 607 1966; x_wconf 90' lang='lat' dir='ltr'>Nam</span> <span class='ocrx_word' id='word_1_139' title='bbox 624 1907 696 1984; x_wconf 89' lang='lat' dir='ltr'>post</span> <span class='ocrx_word' id='word_1_140' title='bbox 714 1906 853 1967; x_wconf 88' lang='lat' dir='ltr'>mortem</span> <span class='ocrx_word' id='word_1_141' title='bbox 865 1902 998 1966; x_wconf 87' lang='lat' dir='ltr'>Neronis</span> <span class='ocrx_word' id='word_1_142' title='bbox 1021 1922 1061 1966; x_wconf 90' lang='lat' dir='ltr'>ea</span> <span class='ocrx_word' id='word_1_143' title='bbox 1082 1923 1166 1986; x_wconf 90' lang='lat' dir='ltr'>quae</span> <span class='ocrx_word' id='word_1_144' title='bbox 1187 1905 1325 1970; x_wconf 84' lang='lat' dir='ltr'>familiae</span> 
     </span>
     <span class='ocr_line' id='line_1_18' title="bbox 153 2003 1325 2085; baseline 0.002 -18"><span class='ocrx_word' id='word_1_145' title='bbox 153 2003 294 2085; x_wconf 84' lang='lat' dir='ltr'>Augusti</span> <span class='ocrx_word' id='word_1_146' title='bbox 315 2003 499 2066; x_wconf 88' lang='lat' dir='ltr'>acciderant</span> <span class='ocrx_word' id='word_1_147' title='bbox 519 2003 758 2066; x_wconf 87' lang='lat' dir='ltr'>accuratissime</span> <span class='ocrx_word' id='word_1_148' title='bbox 787 2003 982 2083; x_wconf 86' lang='lat' dir='ltr'>explanandi</span> <span class='ocrx_word' id='word_1_149' title='bbox 1004 2007 1034 2066; x_wconf 87' lang='lat' dir='ltr'>et</span> <span class='ocrx_word' id='word_1_150' title='bbox 1057 2005 1233 2068; x_wconf 87' lang='lat' dir='ltr'>exornandi</span> <span class='ocrx_word' id='word_1_151' title='bbox 1259 2010 1325 2069; x_wconf 91' lang='lat' dir='ltr'>stu·</span> 
     </span>
    </p>
   </div>
   <div class='ocr_carea' id='block_1_3' title="bbox 152 2102 1326 2384">
    <p class='ocr_par' dir='ltr' id='par_1_3' title="bbox 152 2102 1326 2384">
     <span class='ocr_line' id='line_1_19' title="bbox 153 2102 1326 2185; baseline 0 -17"><span class='ocrx_word' id='word_1_152' title='bbox 153 2105 241 2168; x_wconf 86' lang='lat' dir='ltr'>dium</span> <span class='ocrx_word' id='word_1_153' title='bbox 272 2106 356 2167; x_wconf 85' lang='lat' dir='ltr'>certe</span> <span class='ocrx_word' id='word_1_154' title='bbox 387 2122 453 2165; x_wconf 94' lang='lat' dir='ltr'>non</span> <span class='ocrx_word' id='word_1_155' title='bbox 484 2102 547 2164; x_wconf 89' lang='lat' dir='ltr'>iam</span> <span class='ocrx_word' id='word_1_156' title='bbox 580 2103 802 2167; x_wconf 88' lang='lat' dir='ltr'>commovebat</span> <span class='ocrx_word' id='word_1_157' title='bbox 830 2102 992 2178; x_wconf 80' lang='lat' dir='ltr'>homineS,</span> <span class='ocrx_word' id='word_1_158' title='bbox 1032 2107 1065 2166; x_wconf 92' lang='lat' dir='ltr'>et</span> <span class='ocrx_word' id='word_1_159' title='bbox 1092 2123 1134 2166; x_wconf 88' lang='lat' dir='ltr'>ne</span> <span class='ocrx_word' id='word_1_160' title='bbox 1162 2104 1326 2185; x_wconf 87' lang='lat' dir='ltr'>Augustus</span> 
     </span>
     <span class='ocr_line' id='line_1_20' title="bbox 154 2202 1325 2287; baseline 0 -19"><span class='ocrx_word' id='word_1_161' title='bbox 154 2205 283 2287; x_wconf 83' lang='lat' dir='ltr'>quidem</span> <span class='ocrx_word' id='word_1_162' title='bbox 303 2205 378 2284; x_wconf 89' lang='lat' dir='ltr'>ipse,</span> <span class='ocrx_word' id='word_1_163' title='bbox 412 2202 559 2283; x_wconf 90' lang='lat' dir='ltr'>quamvis</span> <span class='ocrx_word' id='word_1_164' title='bbox 588 2203 781 2283; x_wconf 85' lang='lat' dir='ltr'>praecellens</span> <span class='ocrx_word' id='word_1_165' title='bbox 812 2202 971 2277; x_wconf 88' lang='lat' dir='ltr'>laudibus,</span> <span class='ocrx_word' id='word_1_166' title='bbox 1001 2203 1055 2266; x_wconf 92' lang='lat' dir='ltr'>diu</span> <span class='ocrx_word' id='word_1_167' title='bbox 1080 2207 1154 2283; x_wconf 91' lang='lat' dir='ltr'>post</span> <span class='ocrx_word' id='word_1_168' title='bbox 1177 2207 1325 2283; x_wconf 90' lang='lat' dir='ltr'>mortem,</span> 
     </span>
     <span class='ocr_line' id='line_1_21' title="bbox 152 2300 1325 2384; baseline -0.001 -16"><span class='ocrx_word' id='word_1_169' title='bbox 152 2306 270 2368; x_wconf 89' lang='lat' dir='ltr'>nedum</span> <span class='ocrx_word' id='word_1_170' title='bbox 293 2305 366 2383; x_wconf 90' lang='lat' dir='ltr'>post</span> <span class='ocrx_word' id='word_1_171' title='bbox 387 2302 487 2381; x_wconf 85' lang='lat' dir='ltr'>gentis</span> <span class='ocrx_word' id='word_1_172' title='bbox 508 2301 607 2366; x_wconf 87' lang='lat' dir='ltr'>Juliae</span> <span class='ocrx_word' id='word_1_173' title='bbox 625 2303 744 2365; x_wconf 86' lang='lat' dir='ltr'>exitum</span> <span class='ocrx_word' id='word_1_174' title='bbox 760 2321 856 2365; x_wconf 87' lang='lat' dir='ltr'>curae</span> <span class='ocrx_word' id='word_1_175' title='bbox 871 2304 941 2364; x_wconf 91' lang='lat' dir='ltr'>erat</span> <span class='ocrx_word' id='word_1_176' title='bbox 957 2303 1068 2382; x_wconf 89' lang='lat' dir='ltr'>poetis.</span> <span class='ocrx_word' id='word_1_177' title='bbox 1099 2300 1215 2366; x_wconf 91' lang='lat' dir='ltr'>Mirum</span> <span class='ocrx_word' id='word_1_178' title='bbox 1232 2324 1325 2384; x_wconf 91' lang='lat' dir='ltr'>prae-</span> 
     </span>
    </p>
   </div>
   <div class='ocr_carea' id='block_1_4' title="bbox 151 2400 1333 3876">
    <p class='ocr_par' dir='ltr' id='par_1_4' title="bbox 151 2400 1333 3876">
     <span class='ocr_line' id='line_1_22' title="bbox 152 2400 1325 2483; baseline 0.001 -17"><span class='ocrx_word' id='word_1_179' title='bbox 152 2408 239 2467; x_wconf 90' lang='lat' dir='ltr'>terea</span> <span class='ocrx_word' id='word_1_180' title='bbox 258 2404 457 2483; x_wconf 87' lang='lat' dir='ltr'>quantopere</span> <span class='ocrx_word' id='word_1_181' title='bbox 479 2400 619 2464; x_wconf 85' lang='lat' dir='ltr'>incertus</span> <span class='ocrx_word' id='word_1_182' title='bbox 640 2404 748 2465; x_wconf 89' lang='lat' dir='ltr'>noster</span> <span class='ocrx_word' id='word_1_183' title='bbox 768 2404 864 2481; x_wconf 88' lang='lat' dir='ltr'>poeta</span> <span class='ocrx_word' id='word_1_184' title='bbox 883 2401 1020 2481; x_wconf 82' lang='lat' dir='ltr'>&#39;cognita</span> <span class='ocrx_word' id='word_1_185' title='bbox 1047 2402 1195 2465; x_wconf 90' lang='lat' dir='ltr'>habuerit</span> <span class='ocrx_word' id='word_1_186' title='bbox 1217 2403 1325 2467; x_wconf 89' lang='lat' dir='ltr'>onmia</span> 
     </span>
     <span class='ocr_line' id='line_1_23' title="bbox 153 2499 1323 2584; baseline 0 -18"><span class='ocrx_word' id='word_1_187' title='bbox 153 2521 234 2584; x_wconf 87' lang='lat' dir='ltr'>quae</span> <span class='ocrx_word' id='word_1_188' title='bbox 265 2500 318 2563; x_wconf 91' lang='lat' dir='ltr'>illo</span> <span class='ocrx_word' id='word_1_189' title='bbox 346 2503 491 2579; x_wconf 83' lang='lat' dir='ltr'>ternpore</span> <span class='ocrx_word' id='word_1_190' title='bbox 512 2500 637 2564; x_wconf 85' lang='lat' dir='ltr'>Romae</span> <span class='ocrx_word' id='word_1_191' title='bbox 664 2499 848 2563; x_wconf 90' lang='lat' dir='ltr'>acciderant</span> <span class='ocrx_word' id='word_1_192' title='bbox 876 2499 964 2563; x_wconf 85' lang='lat' dir='ltr'>velut</span> <span class='ocrx_word' id='word_1_193' title='bbox 993 2505 1223 2565; x_wconf 85' lang='lat' dir='ltr'>commemorat</span> <span class='ocrx_word' id='word_1_194' title='bbox 1244 2506 1323 2566; x_wconf 85' lang='lat' dir='ltr'>tem-</span> 
     </span>
     <span class='ocr_line' id='line_1_24' title="bbox 152 2597 1322 2681; baseline 0.002 -18"><span class='ocrx_word' id='word_1_195' title='bbox 152 2601 241 2681; x_wconf 90' lang='lat' dir='ltr'>plum</span> <span class='ocrx_word' id='word_1_196' title='bbox 262 2597 489 2662; x_wconf 89' lang='lat' dir='ltr'>Dioscurorum</span> <span class='ocrx_word' id='word_1_197' title='bbox 518 2600 605 2680; x_wconf 92' lang='lat' dir='ltr'>quod</span> <span class='ocrx_word' id='word_1_198' title='bbox 627 2598 772 2663; x_wconf 89' lang='lat' dir='ltr'>Tiberius</span> <span class='ocrx_word' id='word_1_199' title='bbox 801 2599 972 2664; x_wconf 85' lang='lat' dir='ltr'>aedificare</span> <span class='ocrx_word' id='word_1_200' title='bbox 1004 2599 1219 2677; x_wconf 86' lang='lat' dir='ltr'>constituerat,</span> <span class='ocrx_word' id='word_1_201' title='bbox 1248 2603 1322 2665; x_wconf 87' lang='lat' dir='ltr'>item</span> 
     </span>
     <span class='ocr_line' id='line_1_25' title="bbox 153 2697 1327 2779; baseline 0.004 -18"><span class='ocrx_word' id='word_1_202' title='bbox 153 2697 276 2761; x_wconf 87' lang='lat' dir='ltr'>Tiberis</span> <span class='ocrx_word' id='word_1_203' title='bbox 305 2697 545 2762; x_wconf 89' lang='lat' dir='ltr'>inundationem</span> <span class='ocrx_word' id='word_1_204' title='bbox 575 2701 608 2761; x_wconf 94' lang='lat' dir='ltr'>et</span> <span class='ocrx_word' id='word_1_205' title='bbox 638 2698 702 2762; x_wconf 91' lang='lat' dir='ltr'>alia</span> <span class='ocrx_word' id='word_1_206' title='bbox 733 2698 800 2763; x_wconf 87' lang='lat' dir='ltr'>eius</span> <span class='ocrx_word' id='word_1_207' title='bbox 827 2699 927 2774; x_wconf 89' lang='lat' dir='ltr'>modi,</span> <span class='ocrx_word' id='word_1_208' title='bbox 956 2699 1063 2762; x_wconf 90' lang='lat' dir='ltr'>itaut</span> <span class='ocrx_word' id='word_1_209' title='bbox 1092 2699 1256 2779; x_wconf 88' lang='lat' dir='ltr'>probabile</span> <span class='ocrx_word' id='word_1_210' title='bbox 1285 2702 1327 2767; x_wconf 80' lang='lat' dir='ltr'>sit</span> 
     </span>
     <span class='ocr_line' id='line_1_26' title="bbox 151 2795 1325 2880; baseline 0.003 -19"><span class='ocrx_word' id='word_1_211' title='bbox 151 2797 241 2862; x_wconf 87' lang='lat' dir='ltr'>illurn</span> <span class='ocrx_word' id='word_1_212' title='bbox 277 2799 408 2876; x_wconf 87' lang='lat' dir='ltr'>poetam</span> <span class='ocrx_word' id='word_1_213' title='bbox 443 2816 508 2860; x_wconf 88' lang='lat' dir='ltr'>nou</span> <span class='ocrx_word' id='word_1_214' title='bbox 541 2798 643 2861; x_wconf 90' lang='lat' dir='ltr'>multo</span> <span class='ocrx_word' id='word_1_215' title='bbox 675 2802 747 2880; x_wconf 91' lang='lat' dir='ltr'>post</span> <span class='ocrx_word' id='word_1_216' title='bbox 774 2799 998 2880; x_wconf 86' lang='lat' dir='ltr'>Augustanam</span> <span class='ocrx_word' id='word_1_217' title='bbox 1030 2801 1170 2862; x_wconf 89' lang='lat' dir='ltr'>aetatem</span> <span class='ocrx_word' id='word_1_218' title='bbox 1205 2795 1325 2866; x_wconf 85' lang='lat' dir='ltr'>vixisse.</span> 
     </span>
     <span class='ocr_line' id='line_1_27' title="bbox 153 2896 1326 2980; baseline 0.006 -21"><span class='ocrx_word' id='word_1_219' title='bbox 153 2897 275 2978; x_wconf 85' lang='lat' dir='ltr'>Vixque</span> <span class='ocrx_word' id='word_1_220' title='bbox 296 2896 383 2960; x_wconf 88' lang='lat' dir='ltr'>credi</span> <span class='ocrx_word' id='word_1_221' title='bbox 403 2900 508 2976; x_wconf 87' lang='lat' dir='ltr'>potest</span> <span class='ocrx_word' id='word_1_222' title='bbox 528 2898 630 2962; x_wconf 90' lang='lat' dir='ltr'>ullum</span> <span class='ocrx_word' id='word_1_223' title='bbox 645 2898 833 2980; x_wconf 86' lang='lat' dir='ltr'>scriptorem</span> <span class='ocrx_word' id='word_1_224' title='bbox 846 2899 1020 2980; x_wconf 90' lang='lat' dir='ltr'>posteriore</span> <span class='ocrx_word' id='word_1_225' title='bbox 1034 2901 1179 2979; x_wconf 84' lang='lat' dir='ltr'>tempore</span> <span class='ocrx_word' id='word_1_226' title='bbox 1196 2918 1326 2966; x_wconf 89' lang='lat' dir='ltr'>cannen</span> 
     </span>
     <span class='ocr_line' id='line_1_28' title="bbox 153 2994 1326 3080; baseline 0.007 -22"><span class='ocrx_word' id='word_1_227' title='bbox 153 2996 277 3059; x_wconf 84' lang='lat' dir='ltr'>linxisse</span> <span class='ocrx_word' id='word_1_228' title='bbox 297 2995 340 3058; x_wconf 88' lang='lat' dir='ltr'>ad</span> <span class='ocrx_word' id='word_1_229' title='bbox 359 2994 482 3058; x_wconf 90' lang='lat' dir='ltr'>Liviam</span> <span class='ocrx_word' id='word_1_230' title='bbox 504 2997 633 3061; x_wconf 89' lang='lat' dir='ltr'>minime</span> <span class='ocrx_word' id='word_1_231' title='bbox 655 3002 739 3062; x_wconf 85' lang='lat' dir='ltr'>certe</span> <span class='ocrx_word' id='word_1_232' title='bbox 757 2998 897 3080; x_wconf 83' lang='lat' dir='ltr'>dignam,</span> <span class='ocrx_word' id='word_1_233' title='bbox 921 3017 1004 3080; x_wconf 89' lang='lat' dir='ltr'>quae</span> <span class='ocrx_word' id='word_1_234' title='bbox 1024 2997 1161 3079; x_wconf 88' lang='lat' dir='ltr'>propriis</span> <span class='ocrx_word' id='word_1_235' title='bbox 1185 2999 1326 3066; x_wconf 88' lang='lat' dir='ltr'>versibus</span> 
     </span>
     <span class='ocr_line' id='line_1_29' title="bbox 152 3095 1326 3180; baseline 0.005 -22"><span class='ocrx_word' id='word_1_236' title='bbox 152 3095 403 3176; x_wconf 87' lang='lat' dir='ltr'>praedicaretur.</span> <span class='ocrx_word' id='word_1_237' title='bbox 451 3095 533 3176; x_wconf 85' lang='lat' dir='ltr'>Ergo</span> <span class='ocrx_word' id='word_1_238' title='bbox 569 3097 735 3178; x_wconf 90' lang='lat' dir='ltr'>epicedion</span> <span class='ocrx_word' id='word_1_239' title='bbox 772 3117 837 3162; x_wconf 93' lang='lat' dir='ltr'>non</span> <span class='ocrx_word' id='word_1_240' title='bbox 874 3099 1027 3178; x_wconf 87' lang='lat' dir='ltr'>scriptum</span> <span class='ocrx_word' id='word_1_241' title='bbox 1064 3098 1209 3161; x_wconf 90' lang='lat' dir='ltr'>videatur</span> <span class='ocrx_word' id='word_1_242' title='bbox 1253 3104 1326 3180; x_wconf 90' lang='lat' dir='ltr'>post</span> 
     </span>
     <span class='ocr_line' id='line_1_30' title="bbox 153 3193 1326 3278; baseline 0.004 -19"><span class='ocrx_word' id='word_1_243' title='bbox 153 3215 274 3259; x_wconf 90' lang='lat' dir='ltr'>annum</span> <span class='ocrx_word' id='word_1_244' title='bbox 294 3193 417 3257; x_wconf 85' lang='lat' dir='ltr'>LXVIII</span> <span class='ocrx_word' id='word_1_245' title='bbox 446 3198 519 3275; x_wconf 90' lang='lat' dir='ltr'>post</span> <span class='ocrx_word' id='word_1_246' title='bbox 540 3195 613 3260; x_wconf 87' lang='lat' dir='ltr'>Chr.</span> <span class='ocrx_word' id='word_1_247' title='bbox 635 3217 665 3260; x_wconf 88' lang='lat' dir='ltr'>n.</span> <span class='ocrx_word' id='word_1_248' title='bbox 694 3217 758 3278; x_wconf 93' lang='lat' dir='ltr'>quo</span> <span class='ocrx_word' id='word_1_249' title='bbox 781 3196 907 3260; x_wconf 88' lang='lat' dir='ltr'>Nerone</span> <span class='ocrx_word' id='word_1_250' title='bbox 929 3201 1058 3261; x_wconf 88' lang='lat' dir='ltr'>mortuo</span> <span class='ocrx_word' id='word_1_251' title='bbox 1088 3217 1165 3278; x_wconf 92' lang='lat' dir='ltr'>gens</span> <span class='ocrx_word' id='word_1_252' title='bbox 1190 3196 1326 3264; x_wconf 89' lang='lat' dir='ltr'>Claudia</span> 
     </span>
     <span class='ocr_line' id='line_1_31' title="bbox 154 3294 1325 3377; baseline 0.004 -20"><span class='ocrx_word' id='word_1_253' title='bbox 154 3300 197 3358; x_wconf 90' lang='lat' dir='ltr'>est</span> <span class='ocrx_word' id='word_1_254' title='bbox 221 3295 347 3358; x_wconf 89' lang='lat' dir='ltr'>obruta.</span> <span class='ocrx_word' id='word_1_255' title='bbox 392 3294 416 3356; x_wconf 83' lang='lat' dir='ltr'>ll</span> <span class='ocrx_word' id='word_1_256' title='bbox 438 3314 617 3376; x_wconf 90' lang='lat' dir='ltr'>permagna</span> <span class='ocrx_word' id='word_1_257' title='bbox 646 3300 756 3359; x_wconf 90' lang='lat' dir='ltr'>autem</span> <span class='ocrx_word' id='word_1_258' title='bbox 788 3297 919 3377; x_wconf 86' lang='lat' dir='ltr'>epicedii</span> <span class='ocrx_word' id='word_1_259' title='bbox 940 3301 972 3361; x_wconf 85' lang='lat' dir='ltr'>ct</span> <span class='ocrx_word' id='word_1_260' title='bbox 993 3297 1248 3362; x_wconf 84' lang='lat' dir='ltr'>consolationum</span> <span class='ocrx_word' id='word_1_261' title='bbox 1269 3299 1325 3363; x_wconf 88' lang='lat' dir='ltr'>Se-</span> 
     </span>
     <span class='ocr_line' id='line_1_32' title="bbox 154 3394 1325 3478; baseline 0.003 -20"><span class='ocrx_word' id='word_1_262' title='bbox 154 3415 251 3459; x_wconf 89' lang='lat' dir='ltr'>necae</span> <span class='ocrx_word' id='word_1_263' title='bbox 267 3394 481 3470; x_wconf 77' lang='lat' dir='ltr'>SImilitudine,</span> <span class='ocrx_word' id='word_1_264' title='bbox 505 3416 605 3477; x_wconf 88' lang='lat' dir='ltr'>quam</span> <span class='ocrx_word' id='word_1_265' title='bbox 626 3416 724 3477; x_wconf 91' lang='lat' dir='ltr'>supra</span> <span class='ocrx_word' id='word_1_266' title='bbox 736 3397 899 3472; x_wconf 85' lang='lat' dir='ltr'>illustravi,</span> <span class='ocrx_word' id='word_1_267' title='bbox 923 3401 1058 3478; x_wconf 89' lang='lat' dir='ltr'>apparet</span> <span class='ocrx_word' id='word_1_268' title='bbox 1074 3398 1325 3462; x_wconf 89' lang='lat' dir='ltr'>consolationem</span> 
     </span>
     <span class='ocr_line' id='line_1_33' title="bbox 155 3494 1326 3580; baseline 0.003 -22"><span class='ocrx_word' id='word_1_269' title='bbox 155 3495 195 3558; x_wconf 90' lang='lat' dir='ltr'>ad</span> <span class='ocrx_word' id='word_1_270' title='bbox 215 3494 339 3557; x_wconf 90' lang='lat' dir='ltr'>Liviam</span> <span class='ocrx_word' id='word_1_271' title='bbox 359 3514 424 3558; x_wconf 93' lang='lat' dir='ltr'>non</span> <span class='ocrx_word' id='word_1_272' title='bbox 444 3496 597 3577; x_wconf 90' lang='lat' dir='ltr'>scriptam</span> <span class='ocrx_word' id='word_1_273' title='bbox 626 3515 692 3560; x_wconf 84' lang='lat' dir='ltr'>esse</span> <span class='ocrx_word' id='word_1_274' title='bbox 722 3501 797 3561; x_wconf 90' lang='lat' dir='ltr'>ante</span> <span class='ocrx_word' id='word_1_275' title='bbox 824 3498 1073 3561; x_wconf 88' lang='lat' dir='ltr'>consolationem</span> <span class='ocrx_word' id='word_1_276' title='bbox 1095 3498 1196 3574; x_wconf 88' lang='lat' dir='ltr'>illam,</span> <span class='ocrx_word' id='word_1_277' title='bbox 1226 3519 1326 3580; x_wconf 91' lang='lat' dir='ltr'>quam</span> 
     </span>
     <span class='ocr_line' id='line_1_34' title="bbox 154 3591 1324 3679; baseline 0.003 -22"><span class='ocrx_word' id='word_1_278' title='bbox 154 3593 274 3657; x_wconf 87' lang='lat' dir='ltr'>Seneca</span> <span class='ocrx_word' id='word_1_279' title='bbox 293 3591 441 3657; x_wconf 86' lang='lat' dir='ltr'>Corsicae</span> <span class='ocrx_word' id='word_1_280' title='bbox 461 3595 504 3658; x_wconf 93' lang='lat' dir='ltr'>ad</span> <span class='ocrx_word' id='word_1_281' title='bbox 527 3595 697 3678; x_wconf 89' lang='lat' dir='ltr'>Polybium</span> <span class='ocrx_word' id='word_1_282' title='bbox 718 3597 845 3678; x_wconf 84' lang='lat' dir='ltr'>scripsIt</span> <span class='ocrx_word' id='word_1_283' title='bbox 877 3596 939 3679; x_wconf 85' lang='lat' dir='ltr'>(vel</span> <span class='ocrx_word' id='word_1_284' title='bbox 960 3596 1120 3677; x_wconf 80' lang='lat' dir='ltr'>scripsisse</span> <span class='ocrx_word' id='word_1_285' title='bbox 1142 3596 1264 3673; x_wconf 82' lang='lat' dir='ltr'>dicitur3</span> <span class='ocrx_word' id='word_1_286' title='bbox 1286 3598 1324 3662; x_wconf 88' lang='lat' dir='ltr'>ci.</span> 
     </span>
     <span class='ocr_line' id='line_1_35' title="bbox 155 3691 1326 3778; baseline 0.004 -23"><span class='ocrx_word' id='word_1_287' title='bbox 155 3713 184 3774; x_wconf 88' lang='lat' dir='ltr'>p.</span> <span class='ocrx_word' id='word_1_288' title='bbox 206 3693 226 3755; x_wconf 86' lang='lat'>9</span> <span class='ocrx_word' id='word_1_289' title='bbox 247 3693 356 3757; x_wconf 92' lang='lat' dir='ltr'>adnot.</span> <span class='ocrx_word' id='word_1_290' title='bbox 380 3691 424 3774; x_wconf 80' lang='lat'>1.)</span> <span class='ocrx_word' id='word_1_291' title='bbox 478 3694 601 3777; x_wconf 88' lang='lat' dir='ltr'>Magnis</span> <span class='ocrx_word' id='word_1_292' title='bbox 623 3716 697 3760; x_wconf 87' lang='lat' dir='ltr'>curn</span> <span class='ocrx_word' id='word_1_293' title='bbox 716 3694 838 3760; x_wconf 88' lang='lat' dir='ltr'>Claudii</span> <span class='ocrx_word' id='word_1_294' title='bbox 857 3696 1056 3778; x_wconf 89' lang='lat' dir='ltr'>imperatoris</span> <span class='ocrx_word' id='word_1_295' title='bbox 1073 3696 1230 3775; x_wconf 88' lang='lat' dir='ltr'>laudibus,</span> <span class='ocrx_word' id='word_1_296' title='bbox 1256 3698 1326 3778; x_wconf 94' lang='lat' dir='ltr'>qui-</span> 
     </span>
     <span class='ocr_line' id='line_1_36' title="bbox 155 3792 1333 3876; baseline 0.003 -20"><span class='ocrx_word' id='word_1_297' title='bbox 155 3794 212 3857; x_wconf 87' lang='lat' dir='ltr'>bus</span> <span class='ocrx_word' id='word_1_298' title='bbox 231 3792 426 3873; x_wconf 82' lang='lat' dir='ltr'>impetraret,</span> <span class='ocrx_word' id='word_1_299' title='bbox 448 3797 485 3859; x_wconf 92' lang='lat' dir='ltr'>ut</span> <span class='ocrx_word' id='word_1_300' title='bbox 504 3815 542 3858; x_wconf 85' lang='lat' dir='ltr'>ex</span> <span class='ocrx_word' id='word_1_301' title='bbox 558 3795 650 3860; x_wconf 82' lang='lat' dir='ltr'>exilio</span> <span class='ocrx_word' id='word_1_302' title='bbox 667 3799 886 3875; x_wconf 89' lang='lat' dir='ltr'>revocaretur;</span> <span class='ocrx_word' id='word_1_303' title='bbox 907 3796 987 3860; x_wconf 87' lang='lat' dir='ltr'>haec</span> <span class='ocrx_word' id='word_1_304' title='bbox 1013 3794 1187 3860; x_wconf 91' lang='lat' dir='ltr'>consolatio</span> <span class='ocrx_word' id='word_1_305' title='bbox 1206 3794 1333 3876; x_wconf 89' lang='lat' dir='ltr'>scripta·</span> 
     </span>
    </p>
   </div>
   <div class='ocr_carea' id='block_1_5' title="bbox 221 3962 578 4118">
    <p class='ocr_par' dir='ltr' id='par_1_5' title="bbox 221 3962 578 4118">
     <span class='ocr_line' id='line_1_37' title="bbox 222 3962 578 4034; baseline 0.011 -18"><span class='ocrx_word' id='word_1_306' title='bbox 222 3963 248 4033; x_wconf 89' lang='lat' dir='ltr'>I)</span> <span class='ocrx_word' id='word_1_307' title='bbox 266 3962 360 4017; x_wconf 79' lang='lat' dir='ltr'>Herm.</span> <span class='ocrx_word' id='word_1_308' title='bbox 378 3963 454 4019; x_wconf 87' lang='lat' dir='ltr'>XIII.</span> <span class='ocrx_word' id='word_1_309' title='bbox 474 3983 500 4034; x_wconf 91' lang='lat' dir='ltr'>p.</span> <span class='ocrx_word' id='word_1_310' title='bbox 520 3965 578 4020; x_wconf 79' lang='lat'>242.</span> 
     </span>
     <span class='ocr_line' id='line_1_38' title="bbox 221 4048 464 4118; baseline 0.016 -18"><span class='ocrx_word' id='word_1_311' title='bbox 221 4049 249 4116; x_wconf 83' lang='lat'>2)</span> <span class='ocrx_word' id='word_1_312' title='bbox 271 4048 340 4104; x_wconf 89' lang='lat' dir='ltr'>lbid.</span> <span class='ocrx_word' id='word_1_313' title='bbox 360 4067 386 4118; x_wconf 91' lang='lat' dir='ltr'>p.</span> <span class='ocrx_word' id='word_1_314' title='bbox 406 4049 464 4104; x_wconf 78' lang='lat'>243.</span> 
     </span>
    </p>
   </div>
   <div class='ocr_carea' id='block_1_6' title="bbox 0 0 1486 4734">
    <p class='ocr_par' dir='ltr' id='par_1_6' title="bbox 0 0 1486 4734">
     <span class='ocr_line' id='line_1_39' title="bbox 0 0 1486 4734; baseline 0 0"><span class='ocrx_word' id='word_1_315' title='bbox 0 0 1486 4734; x_wconf 95' lang='lat' dir='ltr'> </span> 
     </span>
    </p>
   </div>
  </div>
 </body>
</html>
