2946 4734
633 377 673 388 ..
715 343 756 407 30
791 353 839 389 ·-

148 545 232 608 quae
255 543 293 588 ex
313 521 486 603 tragoediis
510 521 552 585 od
575 522 774 603 comoedieS,
809 524 926 588 deinde
948 523 990 588 ad
1014 522 1316 599 Alexandrinorum,

147 627 285 708 denique
307 623 350 687 ad
371 623 594 686 Romanorum
624 623 730 702 elegos
751 624 856 703 ducit,
888 623 1036 706 persequi
1058 642 1239 706 possumus.
1283 621 1316 685 ln

147 723 308 807 Euripidis
329 721 413 785 enim
436 721 667 785 Andromacha
689 723 824 803 legimus
845 746 874 788 r.
898 726 958 789 207
980 745 1027 807 sq.

330 821 445 890 φίλτρον
463 819 493 872 δὲ
511 821 558 873 καὶ
577 816 646 873 τόδ’·
681 816 713 873 οὗ
732 817 762 874 τὸ
783 819 889 886 κάλλος,
909 810 930 876 oi
949 821 1045 892 γύναι,

331 899 389 957 ἀλλ’
409 899 508 975 uiperae*
524 903 655 974 τέρπουσι
676 900 742 965 τοὺς
760 904 935 968 ξυνευνέτας.

150 1011 242 1089 Quae
264 1009 363 1073 verba
373 1009 533 1090 Euripidis
553 1010 684 1074 subesse
706 1013 856 1077 videntur
867 1013 1033 1078 Menandri
1055 1012 1239 1110 fragmento
1251 1014 1320 1091 646,

150 1112 187 1176 K.
210 1111 250 1174 lll
271 1131 302 1192 p.
324 1111 380 1174 191

334 1204 365 1260 ἕν
383 1204 436 1260 ἐστ’
455 1203 560 1277 ἀληθὲς
579 1210 702 1280 φίλτρον,
723 1205 875 1282 εὐγνώμων
893 1208 1002 1282 τρόπος·

333 1291 421 1366 τούτῳ
440 1301 628 1367 κατακρατεῖν
647 1290 747 1369 ἀνδρὸς
767 1296 871 1350 εἴωθεν
889 1295 970 1368 γυνή.

152 1396 262 1476 Unde,
294 1397 326 1460 ni
350 1397 459 1473 fallor,
489 1417 547 1478 per
569 1399 805 1464 Alexandrinos
833 1401 1000 1484 usquead
1024 1400 1132 1466 Ovidii
1153 1401 1323 1467 heroidll

154 1496 196 1558 94
214 1514 260 1576 sq.
284 1499 547 1576 penetraverunt:
1246 1531 1249 1538 ·

548 1593 620 1647 male
637 1593 779 1662 quaeritur
797 1594 898 1657 herbis.

376 1678 497 1732 moribus
515 1681 543 1734 et
561 1679 651 1734 forme.
668 1680 853 1736 conciliandus
871 1699 957 1738 amor.

156 1783 229 1859 Sed,
248 1786 283 1846 ut
299 1782 393 1845 istam
411 1783 628 1847 coniecturam
642 1785 891 1865 probabiliorem
908 1787 1053 1866 reddam,
1068 1787 1165 1870 plura
1178 1772 1333 1868 exemplo.

157 1882 301 1957 afferam,
324 1878 471 1962 perlegas
493 1881 587 1962 igitur
608 1883 706 1947 haec:

191 1977 333 2032 Philemon
354 1977 406 2046 frg.
426 1978 522 2033 insert.
540 1980 598 2044 645,
618 1979 651 2032 K.
671 1979 710 2034 llI
728 1999 755 2050 p.
776 1980 823 2033 101

377 2058 446 2117 ὅταν
464 2067 544 2120 φύσει
565 2061 594 2119 τὸ
616 2065 714 2126 κάλλος
733 2065 870 2141 ἑπικοσμῇ
889 2063 990 2138 τρόπος

374 2148 500 2224 χρηστός,
519 2151 666 2212 διπλασίως
684 2148 698 2204 ὅ
717 2148 839 2227 προσιὼν
859 2146 1009 2207 ἁλίσκεται.

159 2252 248 2330 Ques
263 2256 437 2318 sententias
452 2256 548 2345 etiam
568 2256 701 2320 Plautus
716 2261 747 2320 el
766 2258 934 2321 Terentius
948 2275 987 2320 ex
998 2256 1196 2322 Graecorum
1212 2257 1326 2322 fabulis

158 2350 191 2414 in
209 2370 285 2414 suas
302 2354 545 2431 transtulerunt,
569 2359 604 2418 ut
621 2355 741 2437 liquido
760 2359 896 2436 apparet
916 2375 954 2419 ex
1122 2367 1125 2372 ’

191 2466 307 2520 Poenuli
317 2467 374 2538 ,301
390 2486 447 2536 sqq.

261 2553 333 2607 bono
354 2554 416 2608 med
435 2572 490 2609 esse
509 2553 621 2625 ingenio
641 2556 768 2608 ornatam
786 2571 869 2621 quam
888 2570 954 2607 euro
974 2553 1061 2606 multo
1079 2553 1197 2608 muvolo.

265 2657 370 2709 aurum,
390 2640 419 2693 id
436 2641 549 2696 fortuna
565 2640 719 2707 invenitur,
738 2642 837 2694 nature
855 2639 997 2710 ingenium
1018 2639 1130 2693 bonum.

267 2725 435 2780 meretricem
454 2727 585 2797 pudorem
606 2743 700 2795 gerere
719 2725 806 2794 magis
824 2725 901 2780 deoet
919 2744 1003 2795 quem
1020 2743 1188 2796 purpuram:
1252 2716 1256 2724 ’

262 2813 407 2883 pulchrum
426 2818 554 2868 ornatum
572 2818 665 2883 turpes
683 2830 770 2867 mores
787 2813 864 2881 peius
883 2829 966 2867 caeno
985 2811 1137 2875 conlinunt,

262 2900 346 2969 lepidi
366 2917 454 2955 mores
472 2903 581 2970 turpem
600 2902 728 2954 ornatum
745 2899 825 2954 fenile
843 2899 924 2953 factis
942 2897 1130 2968 comprobant,

195 2987 224 3038 et
242 2985 351 3041 Terent.
370 2987 461 3041 Heeut
475 2987 525 3040 381
536 3005 575 3055 sq.

264 3071 358 3141 edepol
377 3075 413 3136 te,
433 3091 494 3127 mea
512 3072 665 3142 Anriphila,
684 3071 766 3125 laudo
783 3072 811 3124 et
830 3069 1000 3123 fortunatam
1021 3065 1120 3131 iudico,

265 3158 293 3210 id
312 3176 395 3227 quom
413 3159 550 3222 studuisti,
570 3159 616 3212 isti
635 3159 739 3213 formae
757 3160 788 3210 ut
808 3173 896 3210 mores
914 3154 1068 3210 consimiles
1086 3154 1187 3209 forent.

196 3244 235 3298 cf.
255 3244 370 3299 Mostell.
396 3246 442 3298 168
457 3264 496 3314 sq.
527 3243 664 3313 Amphitr.
684 3247 783 3313 839sq.

161 3347 228 3410 lem
250 3367 326 3410 vero
355 3349 459 3428 elegos
488 3351 580 3413 nohis
610 3351 901 3431 pervestigantibus
931 3351 1103 3413 occurrunt
1126 3346 1239 3411 eadem
1264 3346 1326 3410 iere

163 3445 249 3525 apud
271 3445 473 3526 Propertium
497 3452 529 3511 et
551 3447 718 3511 Ovidium:

197 3545 277 3612 prop.
297 3545 308 3596 1
327 3545 352 3614 2,
363 3545 397 3597 24
737 3534 741 3543 ’

382 3630 435 3684 illis
454 3630 547 3698 ampla
564 3629 629 3682 sutis
648 3629 737 3682 forma
755 3626 895 3698 pudicitia.

197 3716 271 3785 Prop
299 3715 324 3768 ll
344 3718 385 3782 ⁶24,
398 3718 429 3767 le

384 3804 442 3854 tam
460 3804 488 3854 te
504 3800 649 3854 formosam
672 3817 726 3852 non
744 3798 828 3867 pudet
846 3815 902 3851 esse
920 3797 1027 3852 levem?
1043 3836 1045 3840 Α

200 3887 277 3941 Ovid.
297 3888 392 3942 medic.
411 3889 461 3941 foc.
481 3889 515 3939 43
525 3904 582 3954 sqq.

315 3975 407 4045 prima
424 3974 460 4028 sit
478 3973 507 4027 in
527 3973 602 4026 vobis
621 3991 727 4026 morum
747 3969 844 4030 tutela,
863 3967 977 4036 puellae,

388 4060 500 4129 ingenio
519 4059 601 4114 iacies
618 4059 782 4113 conciliante
800 4056 898 4124 placet.

317 4153 405 4202 certus
423 4164 500 4200 amor
518 4152 664 4201 morumst:
684 4147 801 4200 formam
820 4139 999 4210 populabitur
1018 4143 1101 4194 uetus.
