2946 4734
631 373 834 435 „15-

183 550 314 605 Eiusdem
333 549 419 620 epigr.
439 550 543 604 anthol.
562 549 619 604 Pal.
637 549 690 604 XII
708 549 759 602 213
965 614 967 616 V

297 635 417 708 prodfuit,
429 634 523 709 Ἔρως,
543 630 596 689 rint
614 636 670 705 γᾶν
687 655 726 689 σε.
746 637 772 688 τί
791 633 821 687 δὲ
839 635 938 699 utinm
959 633 1023 688 οὐδὲ
1040 629 1096 706 γὰρ
1119 632 1204 696 αὐτὸς

343 719 396 776 σδιν
414 722 503 794 ἔφυγε
521 725 616 797 ῥώμαν
633 722 819 794 πανδαμάτωρ
836 717 927 781 Ἀΐδας.

181 809 269 878 Longi
287 812 389 880 pastor.
407 828 527 881 prooem.
546 810 572 879 4,
590 808 731 865 Eustachii
750 809 776 862 ll
797 810 837 878 13,
854 810 879 862 5.

230 905 274 969 m
294 907 422 988 saepius
450 906 564 970 comici
591 910 707 987 poetae
736 926 754 968 e
782 906 946 969 contrario
967 906 1064 970 deum
1086 905 1182 970 istum
1205 905 1314 968 volare
1414 922 1415 925 ’

148 1009 277 1087 negant,
299 1025 374 1070 cum
395 1006 568 1085 hominem,
592 1025 688 1086 quem
711 1005 808 1079 semel
831 1006 1029 1087 corripuerit,
1062 1023 1241 1087 numquam
1264 1023 1317 1068 re-·

149 1104 289 1186 linquat3
319 1109 351 1169 et
373 1105 526 1184 artifices,
556 1106 610 1187 qni
624 1159 625 1162 ,
640 1106 735 1174 deum
766 1105 895 1169 Amoris
923 1105 1063 1185 imagine
1093 1108 1317 1187 repraesenta·

147 1205 262 1283 verint,
284 1205 478 1287 vituperant,
501 1205 589 1288 quod
603 1226 680 1270 vera
696 1206 746 1269 dei
763 1210 880 1270 natura
897 1225 961 1270 non
977 1209 1146 1287 perspecta
1160 1206 1314 1269 Amorem

149 1305 227 1370 falso
243 1305 301 1369 alis
317 1309 468 1394 ornatum
482 1305 641 1370 finxerint.
685 1307 757 1384 Qua
772 1305 806 1369 in
822 1326 856 1369 re
871 1305 986 1370 iterum
1003 1306 1161 1385 elegiacos
1176 1305 1318 1368 Alexan·

149 1406 313 1469 drinorum
335 1409 448 1487 poetas
470 1407 665 1470 comicorum
689 1410 863 1469 sectatores
889 1405 1119 1489 deprehendes.
1163 1404 1316 1468 Similitu-

148 1506 256 1568 dinem
295 1506 380 1569 enim
410 1506 607 1571 intercedere
640 1506 723 1569 inter
757 1505 871 1569 Eubuli
911 1505 1127 1586 fragmentum
1158 1504 1210 1584 41,
1232 1502 1316 1566 li.ll

149 1625 179 1684 p.
208 1604 265 1667 178
294 1606 325 1667 et
356 1602 515 1687 Propertii
546 1624 676 1670 carmen
698 1606 723 1668 ll
749 1606 788 1668 11
821 1605 886 1668 iam
919 1604 1044 1686 pridem
1077 1604 1227 1668 viderunt
1259 1601 1317 1666 viri
1356 1693 1361 1699 ,

148 1703 243 1766 docti.
258 1702 280 1783 ¹)
323 1703 371 1766 En
393 1723 518 1768 versus:

347 1803 388 1862 τίς
407 1787 441 1874 ἦν
459 1795 473 1855 d
493 1797 609 1876 γράψας
626 1803 733 1875 πρῶτος
751 1797 911 1874 ἀνθρώπων
931 1797 983 1873 ἄρα

345 1885 362 1961 ἢ
382 1891 606 1963 κηροπλαστήσας
620 1884 726 1962 Ἔρωθ’
744 1882 915 1960 διιόιιιερον,·

342 1973 379 2036 ὠς
397 1976 476 2029 οὐδὲν
496 1973 556 2052 ᾔδει
574 1970 646 2046 πλὴν
660 1975 806 2046 χελιδόνας
824 1971 956 2047 γράφειν,

330 2065 397 2116 elt’
418 2050 451 2133 ἦν
471 2059 588 2134 ἄπειρος
607 2061 660 2114 τῶν
679 2063 787 2133 ιρδπων
805 2060 859 2114 τῶν
877 2061 927 2114 τοῦ
941 2061 1019 2114 θεοῦ·

344 2149 420 2203 ἔστιν
439 2145 495 2221 γὰρ
515 2145 580 2201 οὔτε
600 2147 704 2215 κοῦφος
722 2145 787 2201 οὔτε
806 2147 898 2221 ῥᾴδιος

342 2235 536 2306 ἀπαλλαγῆναι
556 2234 592 2308 τῷ
610 2234 725 2306 φέροντι
745 2231 796 2306 τὴν
816 2238 905 2304 νόσον,

343 2319 428 2397 βαρὺς
446 2321 476 2376 δὲ
497 2322 606 2397 κομιδῇ.
634 2321 692 2381 πῶς
710 2317 746 2374 ἂν
764 2309 815 2374 οὖν
833 2322 891 2392 ἔχοι
910 2316 999 2393 πτερὰ
1028 2319 1030 2322 ’

344 2409 454 2476 τοιοῦτο
472 2409 604 2481 reprimam
629 2408 719 2481 λῆρος,
740 2408 766 2463 εἰ
785 2406 894 2479 atrioque
914 2427 964 2468 τις.
1000 2480 1004 2487 ἱ

148 2513 287 2584 Propertii
306 2513 332 2566 ΙΙ
352 2514 392 2578 12,
404 2512 488 2566 1-18

343 2599 509 2668 quicumque
526 2598 573 2654 ille
601 2597 658 2652 fuit
674 2616 790 2669 puerum
808 2598 856 2667 qui
874 2597 967 2667 pinxit
985 2601 1123 2658 Amorem.

379 2704 471 2742 nonne
490 2689 571 2756 putas
588 2687 674 2741 miras
691 2686 764 2741 hunc
782 2685 909 2741 habuisse
928 2686 1046 2741 manual

343 2771 504 2842 inprimum
524 2774 594 2828 vidit
613 2775 672 2829 sine
691 2791 770 2829 sensu
790 2774 881 2828 vivere
899 2777 1024 2829 amantea

314 2860 317 2864 ’
378 2863 406 2914 et
424 2859 528 2915 levibus
548 2860 619 2916 curis
636 2878 740 2931 magna
757 2860 847 2930 perire
866 2859 946 2914 bone.

344 2945 417 3000 idem
434 2963 491 3001 non
509 2949 612 3004 frustra
630 2951 755 3002 ventosas
773 2946 880 3002 eddidit
899 2947 966 3010 alas,

379 3034 446 3089 fecit
464 3038 492 3089 et
510 3036 632 3090 humano
652 3035 732 3088 corde
750 3037 840 3088 volare
858 3033 947 3086 deum.

347 3121 451 3177 scilicet
468 3123 576 3177 alterna
595 3122 726 3191 quoniam
745 3121 880 3176 iactamur
898 3119 927 3172 in
946 3120 1020 3175 unda

379 3211 528 3278 nostraque
545 3226 601 3262 non
619 3208 681 3262 ullis
698 3211 842 3278 permanet
860 3225 928 3262 aura
946 3207 1019 3270 locis,

348 3298 377 3350 et
394 3296 493 3350 merito
511 3296 631 3350 hamatis
649 3313 748 3350 manus
766 3297 808 3349 est
825 3298 935 3350 armata
951 3293 1061 3363 sagittis

380 3386 408 3437 et
425 3384 558 3452 pharetra
575 3401 608 3438 ex
626 3400 721 3437 umero
740 3382 842 3437 Gnosia
860 3386 976 3451 utroque
994 3382 1080 3436 iacet:

345 3471 411 3523 ante
424 3469 489 3524 ferit
507 3469 647 3540 quoniam,
665 3469 720 3523 tuti
739 3487 822 3538 quam
841 3468 976 3524 cernimus
993 3468 1109 3535 hostem,

360 3572 428 3609 >nec
446 3555 590 3625 quisquam
608 3573 640 3609 ex
658 3555 707 3608 illo
725 3558 837 3610 vulnere
855 3573 936 3610 sanus
951 3555 1011 3609 erit.

345 3641 374 3696 in
393 3658 437 3697 me
454 3643 511 3697 tela
529 3646 652 3709 manent,
672 3646 766 3698 manet
785 3647 813 3697 et
831 3642 943 3712 puerilis
961 3642 1063 3712 imago.

379 3729 425 3785 sed
443 3733 516 3784 certe
535 3747 639 3800 pennas
657 3728 778 3800 perdidit
796 3730 841 3783 ille
859 3747 930 3797 sues,

346 3818 489 3872 evolarat
509 3820 601 3873 nostro
621 3816 752 3885 quoniam
771 3815 804 3871 de
822 3819 932 3885 pectore
949 3812 1124 3882 nusqucm‚')

151 3908 344 3916 ——m

219 3945 246 4011 1)
266 3945 305 3998 cf.
324 3945 427 4009 Mallet,
446 3947 552 4014 quaest.
570 3945 651 4015 Prop.
670 3964 697 4014 p.
715 3945 758 3998 48.

219 4030 246 4098 2)
265 4030 364 4099 quibus
390 4049 452 4085 cum
471 4031 559 4085 verbis
584 4023 800 4101 comparandum
826 4046 881 4083 esse
907 4025 1015 4080 monuit
1032 4041 1076 4078 me
1094 4022 1227 4092 magister
1244 4039 1320 4077 meus

147 4115 252 4171 Birtius
270 4118 376 4172 anthol.
394 4117 444 4172 lat.
464 4118 549 4186 896‚5

384 4196 442 4258 ‘our
460 4204 502 4258 ita
519 4202 683 4274 complicitis
701 4199 783 4257 alis’?
806 4217 958 4269 numquam
977 4183 1076 4252 e'volat.
