2946 4734
622 350 830 414 ..pg-

178 527 324 584 Menandri
341 527 393 597 frg.
412 525 508 581 incert.
529 525 588 595 610,
607 527 640 582 K.
659 527 697 581 Ill
717 545 743 596 p.
765 526 813 580 184

326 612 377 666 νῦν
395 608 425 664 δ’
443 608 504 683 ἕρπ’
522 608 570 666 ‹in'
589 614 672 667 οἴκων
690 613 784 681 τῶνδε,
803 611 854 686 τὴν
871 624 993 686 γυναῖκα
1009 613 1064 692 γὰρ

324 693 375 769 τὴν
392 693 513 769 σώφρον’
531 695 564 752 οὔ
587 700 633 754 δεῖ
648 696 697 759 τὰς
717 702 812 772 τρίχας
830 698 938 763 ξανθὰς
954 711 1057 765 ποιεῖν.

178 793 258 862 Prop.
278 793 303 844 ll
322 790 361 854 18,
372 790 405 843 23
415 808 455 858 sq.
1043 782 1050 790 '

325 874 499 930 nuncetiam
518 873 632 927 infectos
651 874 761 929 demens
778 875 889 932 inritare
908 876 1063 944 Britannos,

383 955 468 1014 xludis
486 962 514 1014 et
532 962 644 1014 externo
662 960 752 1016 tincta
769 961 860 1017 nitore
879 964 982 1033 caput?

182 1056 260 1111 Ovid.
280 1074 363 1111 amor.
383 1055 395 1107 I
417 1054 534 1123 14,1sq.

323 1140 450 1195 dicebam
467 1134 612 1192 ‘medicare
630 1139 692 1190 tuoe
711 1136 810 1192 desiste
828 1134 963 1208 capillos’!

395 1227 502 1294 tingere
521 1242 603 1293 quarn
622 1222 720 1293 possis,
744 1223 800 1277 iam
820 1224 873 1278 tibi
890 1226 967 1280 nulla
985 1230 1097 1282 comest.

147 1315 296 1380 Ovidium
337 1318 445 1377 autern
494 1317 592 1394 atque
630 1312 833 1391 Propertium
871 1313 1090 1379 Alexandrina
1119 1317 1315 1397 exemplaria

148 1419 273 1480 secutos
296 1433 363 1477 esse
386 1432 489 1494 neque
507 1415 595 1475 recta
618 1411 670 1474 via
694 1410 845 1475 Plautum
868 1413 916 1476 vel
934 1414 1147 1479 Menandrum
1169 1416 1317 1497 proditur

148 1515 257 1579 Niciae
278 1513 511 1594 epigrammate
533 1511 653 1574 anthol.
677 1510 744 1573 Pal.
768 1511 808 1572 Xl
834 1512 894 1575 398

343 1613 394 1688 τὴν
412 1611 537 1686 κεφαλὴν
549 1613 659 1685 βάπτων
673 1633 716 1674 τις
727 1609 851 1668 <inuras
866 1611 915 1676 τὰς
928 1619 1022 1689 τρίχας
1035 1613 1123 1679 ariade

394 1704 442 1755 καὶ
460 1698 543 1760 δασὺς
561 1697 599 1753 ὧν
617 1702 687 1763 λίαν,
707 1695 760 1752 ὠὸν
780 1695 852 1760 ἅπας
869 1702 998 1771 γέγονεν.

344 1788 425 1842 τοῦτο
444 1783 550 1858 poprie
569 1785 678 1858 ἐπόησε,
697 1783 727 1840 τὸ
743 1786 845 1860 μηκέτι
864 1788 966 1858 κουρέα
985 1790 1100 1862 τέμνειν

396 1873 468 1946 μη’τε
488 1872 578 1946 κόμην
599 1870 703 1943 λευκην
719 1871 791 1945 μήτε
809 1874 1026 1946 μελαινομένην,

154 1976 186 2035 et
207 1971 391 2034 Philostrati
413 1970 548 2051 epistula
566 1968 643 2044 LXI,
665 1987 749 2049 quae
772 1968 898 2049 incipit:
921 1974 968 2042 τίς
992 1988 1039 2048 σε,
1062 1959 1088 2033 03
1109 1970 1190 2055 καλή
1215 1983 1319 2053 περιε-

152 2093 274 2149 καρεν,·
305 2069 346 2143 ὠς
367 2067 505 2150 α’νόητος
528 2067 581 2128 καὶ
611 2064 775 2147 βάρβαρος
798 2065 816 2128 o‘
838 2067 882 2151 pr)
906 2067 1191 2150 perceperamus·
1215 2069 1319 2154 ’Ληρε-

152 2170 200 2230 ‹li‘r
209 2193 242 2251 ης
271 2167 393 2249 δώρων.
449 2169 549 2232 Porro
578 2186 688 2230 verani
727 2167 861 2230 formam
900 2188 964 2232 non
994 2171 1092 2235 modo
1121 2175 1321 2238 ornamentis

151 2290 215 2333 non
239 2289 348 2350 egere,
376 2269 431 2332 sed
461 2268 557 2332 etiarn
590 2287 607 2330 e
634 2266 751 2347 pannis
780 2270 812 2329 et
840 2267 987 2332 sordibus
1016 2270 1169 2335 invictam
1195 2272 1320 2337 elucere

151 2369 369 2432 contendunt:

76 2529 79 2534 ,
186 2473 295 2527 Terent.
316 2474 425 2526 Phorm.
445 2472 496 2526 104
508 2488 566 2539 sqq.

484 2556 562 2625 virgo
579 2555 702 2625 pulchra,
722 2559 749 2609 et
768 2572 823 2624 quo
841 2555 930 2624 magis
948 2555 1058 2626 diceres,

345 2644 384 2698 nil
404 2644 499 2698 aderat
517 2642 669 2696 adiumenti
688 2643 723 2696 ad
740 2642 988 2711 pulchritudinem:

347 2730 461 2799 capillus
480 2746 581 2798 passus,
601 2729 688 2782 nudus
707 2746 762 2798 pes,
781 2729 842 2798 ipsa
861 2729 979 2797 horrida,

347 2817 494 2882 lacrumae,
512 2814 626 2868 vestitus
642 2815 743 2883 turpis:
771 2820 811 2876 ut,
832 2815 862 2867 ni
880 2815 920 2869 vis
939 2815 1005 2868 boni

259 2898 262 2901 ’
345 2903 374 2955 in
390 2903 449 2972 ipsa
468 2900 568 2956 inesset
587 2902 688 2964 forma,
707 2901 775 2955 haec
791 2902 909 2955 formam
926 2901 1126 2972 extinguerent.

185 2998 293 3051 Terent.
313 2998 459 3050 Heautont.
479 2994 530 3047 286
543 3012 601 3063 sqq.

245 3107 247 3111 ·
346 3080 519 3137 mediocriter
538 3080 668 3134 vestitum
687 3082 762 3133 veste
780 3077 899 3147 lugubri,

345 3166 402 3221 sine
416 3183 490 3230 auro,
504 3169 565 3220 tum
578 3169 704 3220 ornatam
719 3166 761 3219 ita
774 3164 823 3229 uti,
838 3181 908 3233 quae
919 3169 1052 3218 ornantur
1067 3163 1127 3220 sibi.

345 3254 421 3307 nulla
440 3254 513 3306 mala
531 3269 560 3306 re
579 3269 608 3305 os
626 3252 777 3322 expolitum
796 3251 931 3312 muliebri,

346 3339 461 3408 capillus
480 3355 572 3408 pexus,
592 3338 697 3407 prolixe
717 3337 816 3392 circum
836 3341 919 3407 caput

348 3425 471 3489 reiectus,
491 3425 677 3493 neglegenter,
696 3443 757 3494 pax.

189 3520 279 3573 Plaut.
298 3518 415 3573 Mostell.
437 3519 486 3571 173

291 3606 393 3660 virtute
412 3606 515 3659 formae
534 3604 561 3656 id
581 3603 681 3664 evenit,
702 3606 730 3656 te
749 3604 780 3654 ut
800 3601 896 3655 deceat
915 3599 1048 3668 quidquid
1066 3599 1175 3653 habeas,

152 3702 181 3764 A
203 3701 320 3782 quibus
336 3700 466 3763 minime
488 3699 679 3763 discordant
701 3697 912 3777 elegiacoruur
934 3696 1126 3777 scriptorum
1140 3694 1322 3758 enuntiata:

115 3837 118 3840 ·
192 3805 292 3859 Tibull.
313 3806 324 3857 1
344 3806 368 3872 8,
385 3805 415 3857 15
425 3822 464 3872 sq.

374 3893 422 3945 illa
440 3891 540 3960 placet,
559 3886 686 3957 quamvis
703 3885 809 3938 inculto
828 3883 934 3937 venerit
952 3899 998 3936 ore

429 3994 479 4031 nec
495 3975 615 4030 nitidum
634 3973 715 4028 tarda
734 3970 879 4040 compserit
898 3971 957 4023 arte
978 3971 1069 4038 caput.

191 4074 271 4142 Prop.
292 4071 317 4124 ll
336 4072 421 4137 29‚30

427 4158 480 4212 heu
498 4159 634 4224 quantum
653 4168 702 4220 per
720 4166 748 4203 se
767 4145 883 4200 candida
901 4147 991 4200 forma
1007 4143 1095 4198 valeti
