2946 4734
670 230 831 306 ,3-

149 420 359 484 aberraturos
389 443 461 484 esse
486 430 593 506 putat,
630 422 659 484 si
688 444 756 486 non
785 422 1092 487 Alexandrinorum
1122 425 1318 507 grammati-

149 559 262 600 corum
286 537 468 621 principes,
506 538 564 601 sed
594 536 778 602 Caecilium
808 539 952 602 eundem
978 539 1189 604 Calactinum
1219 564 1318 605 cano-

148 675 225 715 nem
240 653 333 716 illum
349 655 574 738 composuisse
587 651 844 734 statuerimus.¹)
886 655 1101 740 Quantopere
1115 657 1318 720 dissentiant

149 769 191 831 de
220 768 389 833 indicibus
418 771 568 834 virorum
605 769 777 833 doctorum
808 772 996 834 sententiae
1027 794 1068 834 ex
1097 795 1135 836 eo
1165 773 1238 857 ipso
1267 775 1318 836 in-

148 886 351 969 tellegimus,
383 887 471 970 quod
496 893 663 949 oratorum
688 908 850 950 canonem
879 887 937 951 alii
965 887 1201 970 Alexandriae,
1237 891 1317 951 Per-

148 1003 240 1083 gami
264 1002 332 1083 alii,
358 1003 415 1065 alii
439 1003 567 1066 Romae
592 1009 702 1065 ortum
732 1025 805 1066 esse
834 1025 894 1087 pro
928 1011 1020 1067 certo
1048 1003 1184 1067 habent.
1232 1005 1317 1068 (lum

149 1140 228 1180 vero
251 1140 305 1181 res
329 1119 377 1181 ita
401 1119 479 1199 sint,
505 1140 571 1181 non
596 1140 733 1202 prorsus
762 1119 884 1182 inutile
913 1141 985 1182 esse
1014 1118 1178 1196 videatur,
1213 1127 1318 1183 totam

149 1233 380 1317 quaestionem
407 1234 448 1296 de
473 1233 657 1298 canonibus
681 1235 872 1298 institutam
893 1234 1003 1298 denuo
1019 1242 1211 1298 retractare.
1245 1236 1319 1312 Qua

149 1350 184 1413 in
209 1373 244 1413 re
267 1350 413 1414 maxime
430 1373 467 1413 ea
485 1359 636 1433 spectare
660 1359 761 1434 atque
786 1350 934 1414 dilucide
958 1351 1135 1414 ostendere
1152 1351 1317 1434 volumus,

150 1488 236 1550 quae
261 1477 352 1530 certa
377 1474 410 1529 et
435 1467 509 1529 sine
526 1467 595 1531 ullo
612 1466 714 1530 dubio
739 1474 828 1548 sunt,
854 1490 928 1530 cum
954 1467 1156 1530 coniecturis
1180 1466 1318 1530 lubricis

149 1591 248 1666 atque
277 1581 482 1666 ancipitibus
511 1583 615 1645 latum
646 1605 800 1667 campum
829 1605 898 1646 non
931 1583 1161 1646 concedamus
1213 1584 1318 1646 Porro

148 1720 216 1762 non
240 1698 395 1779 angustis
420 1699 577 1762 cancellis
607 1699 729 1761 inclusi
756 1701 863 1762 multo
893 1703 1019 1762 maiore
1043 1699 1183 1779 ambitu,
1218 1720 1318 1781 quam

147 1836 254 1897 usque
277 1813 386 1878 adhuc
410 1815 446 1878 in
471 1814 532 1878 hac
556 1815 785 1878 controversia
809 1815 935 1878 facturn
962 1822 1023 1895 est,
1048 1814 1316 1898 Byzantinorum

149 1952 280 2014 quoque
303 1935 456 2013 tempora
480 1931 696 2015 respiciemus
721 1939 763 2010 et,
791 1929 824 1993 id
851 1930 939 2014 quod
965 1953 1032 1994 non
1057 1929 1168 1993 minus
1186 1951 1318 2012 semper

147 2046 247 2130 plane
263 2047 456 2130 neglectum
473 2056 533 2128 est,
557 2047 775 2131 inquiramus,
794 2070 875 2110 num
893 2046 982 2129 apud
999 2047 1171 2110 Romanos
1189 2045 1317 2108 similes

147 2169 321 2246 poetarum
358 2163 627 2247 scriptorumque
663 2162 812 2226 delectus
841 2164 969 2225 fuerint
998 2169 1032 2224 et
1066 2169 1230 2245 quantum
1260 2183 1320 2244 per

148 2278 387 2361 antiquitatem
422 2278 601 2342 valuerint.
653 2279 739 2341 Tum
773 2278 917 2360 singulis
947 2277 1121 2340 ordinibus
1151 2276 1251 2339 certis
1279 2283 1318 2339 ut

148 2395 318 2477 epicorum
342 2401 517 2478 poetarum
540 2395 690 2479 pentadi,
716 2417 836 2458 novem
863 2394 1040 2478 lyricorum
1067 2391 1177 2473 choro,
1202 2391 1317 2455 decern

147 2517 314 2573 oratorum
339 2511 531 2574 Atticorum
558 2511 688 2592 canoni,
720 2511 795 2574 aliis
820 2511 1014 2588 testimonia
1039 2515 1154 2572 vetera
1178 2507 1318 2570 anobis

147 2628 230 2711 ipsis
275 2650 390 2691 rursus
438 2628 628 2711 conquisita
668 2627 704 2690 in
742 2626 1017 2690 adnotationibus
1065 2642 1317 2708 componamus:

147 2743 247 2826 quod,
271 2749 309 2807 ut
333 2745 368 2807 in
393 2743 650 2807 collectionibus
674 2765 758 2827 quae
780 2748 917 2805 exstant
933 2739 1167 2823 comparandis
1184 2739 1317 2802 intelle-

148 2859 250 2941 gitur,
286 2860 426 2922 minime
456 2866 506 2922 est
539 2880 838 2942 supervacaneum,
875 2855 1072 2941 praesertim
1109 2877 1185 2918 cum
1215 2855 1316 2917 etiam

149 2975 182 3037 in
223 2975 451 3039 MHEMeieri
492 2975 762 3039 testimoniorum
809 2974 947 3037 canonis
988 2971 1104 3035 decem
1145 2977 1315 3033 oratorum

147 3090 339 3154 Atticorum
364 3086 613 3175 congestione2)
638 3113 737 3174 saepe
766 3090 838 3152 iure
869 3112 906 3152 ac
935 3087 1056 3150 merito
1085 3085 1222 3150 laudata
1250 3107 1317 3149 non

146 3229 252 3290 pauca
276 3207 484 3291 imperfecta,
509 3207 673 3270 nonnulla
697 3206 782 3269 falsa
807 3206 886 3267 sint.
937 3205 1052 3287 Neque
1082 3202 1181 3265 aliter
1203 3223 1256 3264 res
1281 3222 1316 3264 se
1397 3280 1399 3282 q

147 3322 248 3385 habet
273 3323 308 3385 in
333 3322 499 3385 similibus
524 3322 779 3385 collectionibus
804 3321 889 3384 aliis
929 3321 1105 3382 Postremo
1130 3317 1318 3401 complures

147 3439 324 3520 catalogos,
361 3440 419 3522 qui
448 3460 650 3522 quamquam
681 3460 747 3501 non
780 3437 907 3499 nullius
932 3433 1106 3515 momenti,
1137 3439 1251 3496 tamen
1276 3432 1318 3495 ad

147 3554 182 3616 id
206 3561 339 3639 tempus
364 3555 501 3618 omnino
525 3554 673 3638 neglecti
699 3560 789 3635 sunt,
814 3553 996 3636 explanare
1021 3571 1205 3632 eorumque
1230 3570 1318 3611 com-

146 3670 350 3754 positionem
375 3670 592 3755 interpretari
616 3670 821 3733 conabimur.

258 3918 280 3981 i)
299 3917 316 3968 l.
336 3917 353 3968 l.
373 3934 398 3984 p.
413 3918 455 3968 32.
476 3948 508 3953 -
528 3918 555 3977 ’3)
576 3934 599 3967 v.
619 3915 775 3967 (ladislao.
796 3932 820 3981 q.
840 3932 865 3965 r.
885 3914 904 3963 i.
924 3930 962 3963 or.
982 3928 1004 3962 c.
1024 3909 1159 3962 Alcibiad.
1173 3913 1317 3961 comment.

147 4008 198 4070 IV,
218 4024 290 4059 nuuc
309 4007 336 4058 iu
356 4007 449 4058 Μοίρι-ἰ
470 4023 561 4074 (uiues.
582 4004 656 4057 arcad.
678 4005 691 4056 Ι
712 4005 802 4071 (lb'b'l')
825 4001 971 4054 rsa—1⁴25.
