2946 4734
639 284 909 346 —8—.

229 462 277 525 Ac
299 461 438 542 primum
462 459 608 540 quidem,
639 464 675 522 ut
696 461 816 525 Aratus
845 461 887 523 ab
909 461 986 523 Iove
1008 456 1067 522 sibi
1097 456 1314 538 incipiendum

147 564 256 642 putat,
289 561 333 624 sic
368 559 445 621 rnihi
478 559 518 621 de
549 579 659 622 amore
688 560 892 640 disputatum
922 559 982 622 rite
1012 577 1032 621 a
1061 542 1137 621 deo
1168 559 1316 620 Amore

147 659 275 722 initium
309 660 502 740 capiendum
534 660 583 722 sit.
634 659 729 724 Hunc
763 659 847 721 enirn
879 662 994 739 poetae
1025 642 1137 720 cornici
1171 654 1316 719 omnium

148 758 282 821 deorum
305 757 563 839 potentissimum
580 778 657 834 esse,
680 760 729 822 cni
752 778 856 839 neque
877 758 935 821 dei>
950 776 1056 838 neque
1076 754 1226 818 homines
1246 773 1316 816 urn-

148 878 246 940 quam
259 858 404 922 resistere
414 857 547 939 possint,
563 857 736 921 affirmant.
778 858 840 921 Sed
852 877 923 921 cum
937 857 1066 920 Amoris
1077 855 1316 936 descriptiones,

149 977 233 1039 quae
263 958 356 1020 nobis
385 957 418 1019 in
444 957 616 1020 comoediis
646 961 836 1034 occurrunt,
867 956 956 1019 haud
978 975 1053 1019 raro
1083 974 1122 1018 ex
1146 951 1318 1033 tragoediis

149 1057 346 1120 Graecorum
376 1056 517 1137 pendere
548 1056 732 1132 videantur,
762 1076 883 1138 paucos
910 1056 1105 1136 tragicorum
1128 1055 1235 1131 locOS,
1263 1053 1316 1134 qui

149 1156 213 1218 huc
235 1155 427 1236 pertineant,
450 1156 667 1236 praemittam.
683 1155 706 1235 ¹)
750 1156 917 1236 Euripides
938 1156 1034 1237 igitur
1056 1154 1133 1218 dicit
1154 1155 1187 1218 in
1210 1155 1318 1233 Auges

150 1256 331 1335 fragmento
353 1256 423 1332 269,
445 1254 558 1318 Nauck
580 1255 629 1318 ed.
651 1256 671 1317 b
694 1276 723 1336 p.
746 1256 824 1319 438:
978 1337 982 1344 θ

367 1351 473 1424 Ἔρωτα
493 1349 522 1404 d’
540 1347 616 1412 ὅστις
633 1348 672 1424 μὴ
692 1348 764 1406 θεὸν
782 1355 872 1426 κρίνει
890 1352 984 1424 μέγαν

371 1442 418 1492 καὶ
437 1439 491 1492 τῶν
510 1434 638 1492 ἁπάντων
656 1440 794 1511 δαιμόνων
812 1433 977 1510 ὖπέρτατον,

371 1520 388 1595 ἢ
407 1527 502 1584 σκαιός
521 1523 596 1578 ἐστιν
617 1521 632 1595 ἢ
652 1525 759 1578 καλλῶν
779 1523 895 1597 ἄπειρος
912 1522 958 1591 ὢν,
1029 1578 1032 1583 4

372 1613 421 1664 οὐκ
443 1608 500 1664 οἶδε
521 1607 569 1664 τὸν
587 1612 720 1683 μέγιστον
740 1608 902 1684 (ἱνθρώποις
921 1615 997 1666 θεὸν.

151 1697 242 1774 Quae
275 1698 373 1761 verba
407 1699 580 1779 Euripidis,
615 1701 693 1781 quin
725 1701 847 1764 comico
879 1702 1006 1764 cuidam
1041 1700 1181 1776 Graec0,
1223 1717 1316 1780 quern

153 1797 310 1860 Caecilius
339 1798 460 1861 Statius
483 1801 652 1880 expressit,
683 1805 758 1863 ante
787 1801 896 1863 oculos
917 1805 1045 1863 versata
1067 1799 1148 1877 sint,
1179 1796 1317 1861 dubitari

153 1914 218 1957 non
240 1902 354 1977 potest,
376 1917 448 1960 curn
472 1900 560 1979 apud
576 1899 760 1963 Ciceronem
774 1900 867 1962 Tusc.
881 1900 960 1982 disp.
974 1899 1023 1977 rV,
1036 1899 1086 1980 32,
1098 1900 1139 1965 68
1152 1898 1318 1978 (Ribbeck,

154 2016 235 2109 corn.
257 1997 355 2110 ‘Rom
386 2000 443 2079 srg.
473 2000 562 2062 ed.3
594 2021 624 2080 p.
644 2002 684 2063 88
717 2021 745 2063 v.
770 2001 830 2063 259
852 1998 941 2082 sqq.)
973 2000 1117 2080 legamus
1146 1998 1318 2063 Caecilium

153 2115 332 2178 scripsisse:

304 2195 455 2265 (Amorem)
475 2197 555 2250 deum
574 2197 620 2265 qui
640 2215 695 2250 non
714 2216 850 2250 summum
869 2200 955 2268 putet,
1051 2209 1054 2216 '

307 2285 356 2337 aut
374 2283 490 2336 stultum
509 2287 558 2337 aut
575 2301 666 2337 rerum
685 2302 741 2338 esse
760 2285 918 2354 imperitum
938 2281 1108 2338 existumem.

154 2378 278 2455 Quibus
300 2382 375 2459 apte
399 2378 573 2458 adiungas:

188 2475 334 2530 Menandri
352 2476 404 2545 frg.
424 2476 488 2539 235,
514 2476 591 2530 Kock
609 2477 646 2528 III
664 2496 690 2545 p.
710 2477 742 2529 67

377 2557 428 2615 εἶτ’
449 2558 482 2615 ου’
499 2561 631 2635 μέγιστός
650 2560 708 2615 ἐστι
729 2560 784 2613 τῶν
802 2559 879 2613 θεῶν
893 2556 987 2630 Ἔρως,

376 2649 423 2700 καὶ
442 2646 608 2719 τιμιώτατός
626 2669 661 2718 γε
680 2647 734 2700 τῶν
751 2645 863 2700 πάντων
880 2648 964 2710 noim

377 2730 468 2793 οὐδεὶς
486 2728 540 2807 γάρ
561 2730 647 2794 οὕτως
666 2732 723 2804 ἔσῃ’
741 2728 875 2801 φειδωλὸς
893 2731 996 2802 σφόδρα

378 2816 529 2891 ἅνθρωπος
550 2816 615 2872 orid'
634 2817 719 2879 οὕτως
738 2815 854 2891 ἀκριβὴς
872 2813 937 2877 τοὺς
953 2817 1082 2891 τρόπους,

378 2901 407 2964 ὃς
427 2902 486 2976 oripi
506 2905 592 2979 τούτῳ
610 2907 712 2980 μερίδα
732 2905 768 2978 τῷ
787 2906 846 2977 θεῷ
864 2904 944 2975 νέμει

379 3012 428 3063 της
447 3013 548 3052 ουσιας.

157 3090 185 3141 et
203 3087 256 3156 frg.
274 3087 333 3149 449,
352 3088 385 3140 K.
405 3089 442 3140 ΙΙΙ
461 3106 488 3155 p.
509 3089 558 3141 129

656 3152 742 3225 Ἔρως
760 3153 790 3205 δὲ
809 3154 863 3206 τῶν
883 3153 958 3207 θεῶν

378 3237 455 3312 ἰσχὺν
474 3239 542 3311 ἔχων
558 3242 690 3310 πλείστην
710 3239 754 3293 ἐπὶ
774 3239 871 3292 τούτου
890 3241 1048 3293 δείκνυται·

379 3324 422 3381 διὰ
443 3329 542 3380 τοῦτον
561 3326 739 3397 ἐπιορκοῦσιν
759 3323 822 3385 τοὺς
841 3324 938 3385 ἄλλους
956 3324 1050 3385 θεούς.
1243 3387 1246 3392 ,

159 3416 270 3479 Amori
302 3420 409 3477 auteur
438 3434 502 3475 non
533 3416 635 3477 solun]
667 3435 777 3477 ornnes
800 3415 878 3477 alios
901 3416 993 3491 deos,
1023 3414 1079 3477 sed
1101 3412 1198 3475 etiarn
1220 3412 1324 3474 Iovem

162 3516 278 3595 ipsum,
301 3514 433 3576 deorum
453 3517 550 3593 atque
568 3514 735 3576 bominum
752 3518 918 3590 rectorem,
940 3513 1117 3575 subiectum
1135 3530 1204 3574 esse
1216 3505 1326 3589 tragici

160 3620 276 3696 poetae
311 3613 528 3694 compluribus
557 3614 633 3675 locis
663 3613 913 3693 contendunt,²)
944 3618 980 3676 ut
1009 3611 1184 3693 Sophocles
1212 3608 1326 3674 Trach.

232 3762 257 3823 1)
279 3760 321 3813 Ad
340 3760 488 3814 testimona
506 3762 599 3814 autem
620 3759 771 3828 colligenda
789 3778 833 3813 me
853 3777 1060 3827 nonnumquam
1079 3776 1157 3811 uuum
1175 3773 1232 3811 eme
1248 3753 1329 3825 copiis

163 3849 348 3917 exemplorum
365 3866 381 3900 a
395 3846 491 3908 Leone,
513 3847 650 3913 Diitheyo,
667 3847 781 3911 Rohdio,
798 3846 927 3912 Mallotio,
944 3843 1131 3912 Hertubmgio,
1149 3836 1340 3918 Rothstcinio,

162 3932 224 3985 aliis
242 3932 375 3999 congestis
396 3931 440 3984 hic
457 3933 539 3984 semei
558 3934 701 4000 profiteor,
728 3951 762 3986 ne
777 3933 846 3984 mihi
866 3950 914 3984 ruo
933 3948 1042 3999 quoque
1059 3933 1118 3984 loco
1135 3944 1243 3998 semper
1260 3925 1328 3979 indi-

162 4019 278 4072 candum
300 4018 343 4071 sit.

231 4106 257 4171 2)
279 4106 316 4157 (Ὺ.
340 4104 506 4165 Kallimann,
527 4105 566 4155 De
588 4102 745 4170 Hippolytis
763 4101 926 4170 Euripidem,
946 4102 1057 4153 bonnae
1076 4097 1152 4167 1882,
1170 4115 1197 4167 p.
1218 4094 1251 4148 12
1267 4111 1305 4162 sq.
