2946 4734
252 1059 472 1192 Quamquam
503 1130 576 1174 cum
607 1110 659 1173 alii
689 1110 746 1172 viri
778 1111 863 1174 docti
876 1109 898 1190 ¹)
928 1114 995 1174 tum
1018 1131 1122 1192 nuper
1143 1110 1322 1176 Fridericus

151 1213 249 1293 Le02)
280 1213 580 1275 demonstraverunt
603 1210 759 1290 elegiacos
780 1211 1002 1275 Romanorum
1034 1215 1148 1292 poetas
1169 1211 1202 1272 in
1224 1211 1320 1274 rehus

151 1312 316 1378 amatoriis
338 1309 516 1373 tractandis
538 1311 665 1391 saepius
685 1329 756 1374 cum
775 1311 904 1374 comicis
923 1312 1111 1387 consentire,
1134 1316 1244 1375 tamen
1267 1331 1319 1388 me

152 1415 193 1476 de
215 1413 327 1476 eadem
346 1406 391 1484 re,
413 1430 511 1491 quam
532 1410 575 1473 illi
590 1411 695 1474 obiter
710 1411 895 1490 attigerunt,
919 1411 1049 1474 uberius
1067 1415 1099 1474 et
1114 1410 1212 1475 fusius
1230 1411 1320 1474 haud

150 1515 219 1578 sine
241 1514 346 1576 fructu
368 1511 475 1574 denuo
497 1510 661 1592 disputare
684 1530 778 1592 posse
798 1530 901 1592 spero.
945 1510 997 1574 Ad
1017 1510 1105 1592 quod
1118 1511 1318 1592 propositum

151 1615 261 1695 ipsum,
288 1612 475 1693 priusquam
510 1610 696 1689 aggrediar,
731 1631 796 1692 qua
826 1611 878 1673 via
908 1611 1091 1687 consensio,
1123 1629 1207 1699 quae
1235 1608 1320 1672 inter

152 1713 292 1776 comicos
321 1716 352 1774 et
381 1710 538 1789 elegiacos
558 1710 780 1774 Romanomm
813 1716 925 1793 poetas
954 1712 1138 1788 intercedit,
1168 1709 1318 1791 explicari

150 1811 259 1893 possit,
279 1830 438 1891 exponere
456 1809 607 1873 conabor.
651 1809 734 1873 Nam
747 1811 919 1886 Tibullum,
937 1811 1151 1893 Propertium,
1167 1810 1316 1874 Ovidium

153 1911 294 1973 imitatos
323 1929 392 1972 esse
420 1909 572 1972 Plautum
603 1914 635 1973 et
663 1910 848 1973 Terentium
873 1911 1042 1974 verisimile
1062 1931 1126 1974 non
1150 1915 1213 1990 est,
1244 1930 1317 1973 cum

150 2014 274 2072 veteres
289 2011 511 2072 Romanorum
534 2013 648 2089 poetas
657 2008 683 2086 ⁸)
706 2015 737 2074 et
764 2010 920 2091 imprimis
943 2011 1081 2074 comicos
1103 2011 1144 2074 ab
1163 2009 1317 2090 Augustei

150 2110 220 2174 aevi
254 2109 356 2190 poetis
385 2109 552 2190 despectos
580 2114 612 2173 et
640 2114 843 2192 contemptos
871 2131 938 2175 esse
969 2110 1182 2190 videamus.⁴)
1232 2109 1317 2173 Atti·

150 2231 259 2274 corum
295 2213 406 2273 contra
438 2228 573 2285 novam,
614 2229 698 2290 quae
730 2211 846 2288 fertur,
886 2210 1086 2274 comoediam
1125 2209 1207 2274 inter
1238 2209 1318 2273 alios

150 2308 304 2390 Augustei
323 2307 393 2371 aevi
413 2307 583 2388 scriptores
600 2309 787 2391 Propertius
808 2315 840 2374 et
859 2310 991 2374 Ovidius
1007 2309 1157 2374 admirati
1178 2307 1318 2372 maxime

149 2413 233 2486 sunt,
256 2412 292 2473 ut
315 2411 607 2488 saepetestentur:
674 2427 678 2436 ·

183 2509 272 2576 Prop.,
286 2506 313 2559 Il
332 2506 381 2570 6,1
397 2523 455 2573 sqq.

342 2608 398 2646 non
416 2591 458 2646 ita
475 2590 650 2660 complebant
668 2591 813 2660 Ephyreae
830 2591 929 2647 Laidos
948 2592 1035 2662 aedes,

396 2676 431 2731 ad
450 2676 524 2732 ouius
542 2677 627 2732 iacuit
646 2679 760 2732 Graecia
779 2681 840 2732 tota
857 2679 936 2747 fores,

342 2763 424 2818 turha
444 2764 623 2819 Menandreae
642 2764 733 2819 fuerat
750 2782 800 2819 nec
819 2765 939 2820 Thaidos
956 2766 1022 2819 olim

394 2852 488 2914 tanta,
517 2850 545 2902 in
565 2868 620 2918 qua
636 2852 752 2920 populns
770 2851 835 2905 lusit
853 2852 1056 2906 Erichthonius.

181 2935 262 3003 Prop.
283 2935 324 2987 lll
342 2936 384 3002 21,
394 2936 427 2990 27
437 2955 495 3005 sqq.

341 3039 490 3092 persequar
507 3027 557 3078 ant
575 3022 696 3077 studium
714 3012 834 3091 linguae,
854 3022 1044 3076 Demosthenis
1063 3039 1148 3083 arma,

394 3107 522 3164 ridebove
540 3113 610 3171 tuos,
630 3110 703 3164 culte
721 3109 878 3172 Menandre,
895 3110 972 3164 sales.

184 3202 242 3208 ·-·-=-
246 3204 346 3212 0———-

217 3263 242 3328 1)
265 3263 360 3318 [lissen
380 3267 415 3320 ad
434 3266 538 3321 Tibulli
556 3269 567 3320 l
587 3270 609 3332 l,
629 3287 652 3321 v.
672 3270 705 3321 46
724 3272 753 3323 et
771 3269 816 3332 ra
837 3269 849 3320 1
870 3269 895 3336 2,
914 3287 938 3322 v.
960 3270 982 3322 1.

251 3350 399 3422 Hertzberg
417 3357 446 3408 et
461 3355 607 3410 Rothstein
627 3355 728 3425 passim
747 3355 775 3408 in
793 3354 996 3409 commentariis
1014 3354 1043 3408 in
1063 3355 1236 3424 Propertium

193 3520 241 3573 171
252 3435 385 3574 {uschlre
405 3440 538 3494 Analecta
550 3442 646 3496 critica
664 3442 692 3494 in
712 3441 816 3495 anthol.
837 3442 930 3496 Graec.
963 3444 1048 3496 lenae
1066 3445 1094 3495 et
1112 3440 1220 3510 Lipsiae
1243 3441 1314 3508 1800,

147 3537 165 3587 p
194 3692 225 3744 14
253 3540 404 3680 Etl‘llehde’
424 3612 478 3666 Der
496 3612 664 3681 griechische
679 3615 786 3666 Roman
805 3632 832 3666 u.
851 3611 1102 3668 seineVorlaeufer.
1130 3610 1218 3679 Leipz.
1239 3609 1314 3672 1876,

167 3732 172 3743 .
227 3696 273 3746 6s
313 3737 319 3748 .

146 3708 164 3758 p
252 3713 311 3831 Thq
320 3781 389 3850 Birt,
408 3782 525 3853 Elpides.
553 3785 684 3853 Marburg
705 3786 778 3846 1881,
797 3805 823 3855 p.
842 3789 876 3838 72
894 3802 952 3852 sqq.
972 3786 1001 3838 et
1018 3802 1045 3852 p.
1067 3782 1111 3833 121
1132 3799 1191 3848 sqq.

217 3863 243 3930 2)
264 3864 451 3922 Plautinischc
468 3869 671 3939 Forsehungen.
700 3872 791 3924 Berlin
815 3872 887 3934 1895,
906 3889 932 3939 p.
954 3870 1003 3923 129
1021 3886 1078 3935 sqq.

216 3947 243 4015 3)
264 3950 521 4020 Teuffel-Schwabe,
541 3958 703 4013 Gesohichte
720 3959 768 4012 der
784 3959 879 4013 Roem.
898 3958 963 4010 Litt.
982 3975 1008 4026 p.
1029 3953 1086 4017 172,
1097 3954 1120 4005 l.

215 4034 242 4102 4)
259 4035 396 4104 Horatius,
416 4042 494 4109 epist.
516 4044 541 4097 lI
561 4046 584 4112 1,
598 4047 646 4099 160
658 4065 716 4114 sqq.
736 4049 764 4099 et
785 4046 834 4098 168
844 4063 902 4112 sqq.
921 4047 972 4097 art.
991 4042 1063 4111 poet.
1082 4039 1201 4104 270sqq.
1229 4031 1312 4097 Quin·

145 4117 227 4173 tilian
245 4119 308 4177 inst.
326 4127 396 4181 orat.
414 4125 439 4180 X
459 4129 482 4195 l,
493 4131 537 4186 99.
