2946 4734
703 263 745 329 22

234 438 287 504 De
310 435 563 526 Antiphone
587 437 759 504 Chaereae
787 438 892 504 amico
916 438 1017 505 schol.
1042 439 1146 506 5461
1171 443 1296 508 exstat.

236 541 375 610 Senex
407 543 549 608 duorum
582 543 730 609 fratrum
763 546 865 631 pater
897 533 1075 631 trepidans
1110 567 1211 614 senex
1244 549 1298 613 est

148 653 252 737 atque
266 650 333 716 iam
350 647 453 715 habet
469 647 619 714 defessos
638 647 751 715 oculos
776 651 811 715 et
828 649 935 715 visum
950 649 1149 735 languidum
1170 650 1296 738 (9712,

149 754 236 840 974),
251 753 350 820 initio
368 753 495 820 otiosus
507 775 615 840 neque
628 754 806 840 increpans
817 776 938 846 mores,
964 776 1045 821 sane
1060 755 1297 823 meretricibus

148 859 304 942 infestus,
328 861 479 925 ceterum
494 857 625 925 facetus
643 863 679 925 et
694 859 854 946 garrulus
878 860 1002 946 (9713,
1020 861 1296 949 1001.1»,973.1).

147 996 150 1000 <
237 963 409 1032 Gnatho
432 965 604 1050 parasitus
629 986 734 1050 paene
750 963 848 1030 nimis
863 966 1038 1052 parasitus
1062 968 1116 1032 est
1137 967 1296 1054 (10843),

150 1072 274 1158 quippe
304 1072 362 1158 qui
397 1070 587 1157 impudenti
621 1071 853 1137 assentatione
881 1073 1012 1160 (7912)
1040 1099 1109 1142 non
1132 1073 1240 1141 solum
1264 1072 1298 1140 in

148 1175 292 1243 Militem
330 1178 453 1242 utatur
485 1197 624 1262 eumque
663 1175 822 1243 aduletur
858 1175 991 1263 (4002)
1022 1182 1058 1245 61
1090 1201 1117 1245 6.
1141 1201 1174 1265 g.
1204 1181 1297 1265 post·

149 1304 247 1369 quarn
285 1305 353 1347 non
390 1281 539 1347 obtinuit
569 1281 657 1368 quod
686 1282 841 1365 volebat,
881 1283 925 1350 ad
958 1284 1069 1350 omnia
1100 1287 1298 1352 assentetur

150 1387 280 1468 (7742,
304 1387 419 1466 8022,
453 1386 570 1468 3911,
601 1387 731 1471 2321),
771 1389 818 1454 616
852 1389 1000 1476 quidem,
1034 1393 1074 1456 ut
1107 1391 1180 1477 ipse
1209 1389 1298 1456 clam

147 1491 292 1558 irrideat
314 1489 459 1557 Militem
484 1489 614 1576 (7882)
646 1490 741 1578 eique
771 1492 914 1580 denique
937 1500 1057 1561 auctor
1081 1494 1128 1562 sit
1151 1516 1297 1561 summae

149 1597 397 1684 desperationis
422 1596 571 1681 (10251,
598 1597 776 1679 107913),
808 1599 866 1664 6611
889 1600 947 1686 qui
970 1601 1073 1666 etiam
1094 1600 1129 1665 in
1153 1599 1298 1667 aliorum

149 1704 267 1790 serpat
297 1700 563 1770 assentationem
596 1702 748 1785 (10851,
774 1704 867 1769 1084.
879 1704 922 1790 2).
980 1705 1046 1771 Est
1078 1700 1166 1771 enim
1199 1703 1297 1771 homo

148 1808 338 1888 illiberalis,
363 1807 421 1894 qui
435 1807 681 1893 improbissime
699 1807 847 1876 homines
863 1809 1015 1877 honestis
1031 1810 1182 1876 moribus
1199 1831 1298 1898 prae·

148 1914 239 1980 ditos
270 1915 411 1980 miseros
443 1917 481 1979 et
512 1912 683 1980 famelicos
715 1915 884 1995 nominat,
922 1936 1015 1981 suam
1047 1916 1153 2002 ipsius
1185 1919 1298 1983 autem

149 2020 256 2085 vitam
285 2018 480 2084 honestiore
510 2020 642 2084 nomine
676 2019 762 2105 (260.
773 2019 803 2101 2,
828 2019 943 2101 2532)
959 2020 993 2103 1).
1039 2020 1080 2085 Ι11
1101 2022 1298 2087 universum

149 2132 261 2190 autem
285 2123 427 2190 callidus
452 2127 506 2190 est
530 2127 565 2189 et
588 2146 660 2189 cum
684 2124 1296 2214 16661616666666311(106731).

149 2229 257 2317 Saepe
279 2229 377 2295 nimis
400 2229 500 2314 longe
524 2229 676 2315 loquitur
701 2230 827 2311 (2651,
851 2230 960 2316 praef.
984 2231 1093 2317 1112).
1138 2233 1297 2300 Ceterum

149 2337 190 2399 ut
210 2335 364 2422 parasito
389 2356 470 2399 cena
500 2333 532 2399 ei
555 2337 606 2400 est
630 2357 751 2420 magna
774 2356 830 2400 res
865 2357 1063 2424 semperque
1096 2337 1297 2405 desiderium

149 2439 253 2505 habet
276 2461 409 2505 mensae
434 2438 557 2505 etcibi
581 2440 708 2523 (4591,
733 2441 849 2521 8092,
873 2442 1001 2526 8161).

236 2544 524 2611 Parmenonis
548 2543 771 2610 calliditatem
795 2547 1014 2612 616616116111
1041 2569 1141 2635 saepe
1159 2571 1298 2616 comme·

149 2655 262 2717 morat
286 2649 487 2730 scholiasta,
524 2649 567 2715 cf.
592 2650 664 2728 378,
697 2649 812 2726 4702,
845 2651 956 2733 1021,
991 2652 1066 2732 485,
1099 2655 1151 2732 57,
1183 2653 1296 2734 9942,

148 2758 208 2821 ubi
241 2779 322 2823 voce
354 2761 438 2822 nota
473 2759 648 2821 veterator
682 2755 886 2842 appellatur.
944 2757 1016 2822 Nec
1048 2757 1193 2824 facetiae
1223 2781 1298 2825 eum

150 2862 311 2928 deficiunt
325 2863 416 2947 (265)
441 2865 477 2927 61
495 2860 666 2926 interdurn
690 2861 761 2926 ioco
778 2860 958 2927 verniliter
982 2884 1017 2928 se
1039 2863 1147 2929 iactat
1164 2864 1248 2943 (926.
1257 2864 1298 2946 2),

151 2967 210 3034 sed
241 2970 357 3055 potest
388 2967 491 3032 ctiam
515 2966 721 3032 amarissime
748 2965 842 3053 loqui
874 2968 962 3046 (466.
971 2969 1002 3049 4,
1025 2968 1104 3052 481)
1126 2967 1299 3056 ipsumque

150 3074 318 3140 dominum
341 3093 480 3158 carpere
498 3071 640 3153 (2161),
665 3070 847 3137 6611661611
869 3071 978 3138 fidelis
1002 3075 1055 3138 661
1078 3074 1166 3155 (276,
1182 3073 1298 3156 4664,

149 3179 224 3259 481,
247 3179 322 3242 495.
334 3178 377 3263 4).

238 3283 424 3369 Pythias
448 3282 571 3348 ancilla
602 3288 637 3349 et
668 3283 744 3369 ipsa
766 3283 890 3349 callida
914 3287 983 3363 est,
1018 3286 1151 3364 661616,
1186 3284 1300 3350 faceta

153 3389 239 3469 (829.
251 3390 281 3466 2,
300 3389 372 3469 959,
398 3390 471 3468 961,
488 3389 561 3453 687.
574 3389 603 3453 1.
616 3391 645 3470 2,
669 3389 742 3466 949,
763 3390 836 3453 531.
851 3389 891 3469 1),
918 3388 1069 3473 garrula,
1093 3387 1299 3475 gesticulosa

153 3494 254 3576 (903),
280 3493 403 3559 blanda
424 3494 523 3574 (834),
548 3493 696 3559 libenter
711 3493 910 3559 cachinnans
927 3498 962 3558 61
978 3492 1134 3560 deridens
1149 3492 1299 3559 homines

152 3598 301 3676 (10022,
328 3599 463 3677 10172,
488 3599 600 3675 9692,
627 3598 759 3675 10021,
780 3599 923 3680 10071),
958 3597 1127 3664 insultans
1161 3600 1198 3664 et
1232 3598 1298 3664 cito

151 3750 244 3757 ...-.--...
253 3751 270 3756 -.
279 3750 358 3755 .--.-

245 3825 271 3891 1)
292 3841 311 3877 s.
333 3828 421 3878 2532
450 3825 499 3877 sub
532 3823 612 3876 finem
637 3829 796 3891 corruptum
823 3829 864 3876 est
890 3839 978 3889 neque
1003 3822 1092 3876 adhuc
1119 3821 1298 3877 emendatum.

152 3913 293 3966 Rabbowii
312 3913 420 3980 quidem
441 3915 598 3966 coniectura
617 3909 824 3981 ὁωποκάπηλος
850 3912 922 3979 quod
949 3912 984 3965 ad
1009 3912 1125 3966 formam
1144 3912 1300 3966 litterarum

151 4002 315 4056 traditarum
330 4005 448 4071 pertinet
469 4021 522 4057 non
542 4005 629 4057 minus
650 4010 715 4072 apta
736 4009 778 4055 est
798 4018 877 4068 quam
895 4003 1002 4056 Bentlei
1021 3999 1193 4071 6666111166
1212 4017 1300 4069 neque

152 4093 181 4144 in
201 4108 232 4144 eo
253 4091 423 4159 offendimus
444 4092 516 4160 quod
535 4089 741 4161 ᾇωποκάπηλος
760 4109 794 4145 16
812 4092 840 4144 in
860 4093 989 4145 thesauro
1010 4090 1119 4159 quidem
1138 4097 1237 4160 exstat,
1256 4097 1300 4145 est

152 4182 222 4234 enim
236 4189 310 4235 recte
325 4181 479 4249 formatum,
498 4190 588 4236 tamen
602 4199 654 4235 vox
673 4182 821 4249 ,1116666116ί
841 4181 966 4235 6111616111
981 4181 1164 4250 corruptelam
1177 4179 1300 4234 indicare

152 4270 274 4338 ridetur,
305 4288 384 4338 quarn
414 4289 466 4325 non
487 4272 642 4325 sanabimus
670 4272 818 4340 ,1111166666ί
845 4270 974 4324 mutando
993 4272 1021 4323 in
1040 4268 1208 4339 ‚impudenst
1246 4268 1300 4324 Sed

152 4361 252 4415 certius
273 4359 338 4427 quid
358 4358 481 4426 equidem
501 4376 654 4428 proponere
675 4376 788 4426 nequeo.
