2946 4734
705 234 747 300 69

152 405 354 489 servaverit,
387 427 472 494 quae
502 404 693 474 necessaria
727 409 807 472 sunt
829 405 873 472 ad
895 407 1015 472 bonam
1037 405 1190 473 fabulam
1211 427 1298 472 com-

151 512 348 598 ponendam.
395 511 461 578 Sed
485 511 573 599 quod
597 511 748 579 omnibus
778 510 988 598 temporibus
1012 511 1054 577 fit
1080 510 1299 597 omnibusque

151 617 186 681 in
221 617 353 684 artibus
384 617 455 683 scil.
490 620 530 683 ut
563 621 659 682 certa
693 616 857 703 quaedam
892 615 1097 682 consuetudo
1131 615 1299 703 paulatim

152 722 293 803 oriatur,
329 722 510 789 secundum
543 743 643 810 quam
678 721 830 808 singulas
865 721 953 788 artis
987 724 1103 809 partes
1138 729 1298 788 exercent

151 827 239 894 artis
262 827 377 915 periti,
401 827 437 893 id
460 827 564 894 etiam
586 827 622 892 in
645 831 722 894 arte
746 849 855 893 mores
871 827 1075 893 instituendi
1090 827 1219 893 factum
1235 828 1297 893 est.

151 932 317 1020 Exempla
346 931 433 997 enim
464 931 627 1019 quaedam
650 931 706 997 vel
735 953 862 1018 genera
891 953 1108 1018 personarum
1131 931 1298 1018 paulatim

150 1037 314 1104 instituta
337 1047 426 1119 sunt,
458 1059 543 1125 quae
566 1041 628 1104 aut
650 1036 802 1103 omnibus
833 1040 896 1103 aut
918 1036 1089 1124 plerisque
1112 1037 1147 1102 in
1169 1058 1297 1104 comoe-

150 1143 215 1209 diis
248 1143 412 1230 praebere
445 1143 602 1210 solebant
642 1142 758 1210 comici
800 1164 951 1230 quaeque
989 1146 1049 1208 aut
1083 1143 1211 1209 mutari
1242 1141 1298 1208 vel

150 1248 278 1315 variari
305 1271 374 1315 non
403 1248 524 1315 debere
559 1247 763 1314 videbantur
794 1252 855 1315 aut
887 1257 982 1315 certe
1011 1247 1185 1314 rarissime
1218 1250 1298 1314 sunt

150 1354 295 1421 variata.
347 1353 616 1441 Tragoediarum
647 1356 763 1419 autem
792 1352 959 1419 rationem
991 1353 1093 1420 aliam
1125 1375 1199 1419 esse
1230 1352 1297 1420 iam

149 1458 192 1525 ad
215 1462 349 1546 partem
371 1457 410 1524 H
441 1457 538 1523 huius
568 1457 859 1526 commentationis
889 1457 1004 1544 paucis
1028 1457 1142 1523 verbis
1173 1457 1296 1524 iudica·

148 1563 268 1643 vimus,
304 1563 424 1651 quibus
454 1569 496 1630 ut
528 1562 610 1630 haec
639 1583 719 1650 pars
744 1562 797 1628 VI
828 1565 921 1629 recte
952 1563 1179 1649 intellegatur
1210 1560 1297 1627 nihil
1335 1626 1346 1633 .

148 1667 338 1735 addendum
371 1669 518 1736 videtur.
575 1668 846 1735 Consentaneum
879 1668 990 1754 igitur
1023 1672 1077 1734 est
1108 1666 1296 1754 tragoediis

148 1775 315 1857 respectis
344 1797 412 1842 uon
441 1774 534 1861 loqui
564 1796 624 1842 nos
655 1773 778 1840 debere
801 1774 842 1840 de
865 1795 1088 1861 personarum
1114 1772 1296 1858 generibus

148 1901 188 1945 ac
211 1880 394 1968 speciebus,
418 1882 458 1945 ut
473 1902 562 1946 nova
583 1879 753 1946 comoedia
774 1891 939 1966 respecta,
965 1879 1116 1966 quamvis
1138 1877 1296 1944 nimirum

149 1984 252 2051 etiam
285 1985 493 2070 tragicorum
525 1990 703 2071 poetarum
738 1983 943 2050 cousuetudo
978 1982 1140 2071 quaedam
1171 1987 1296 2064 exstet,

148 2088 189 2154 de
221 2112 288 2177 qua
318 2090 409 2157 infra
439 2077 603 2156 nonnulla
637 2089 765 2156 scholia
795 2088 985 2156 adhibenda
1016 2094 1124 2155 erunt.
1179 2087 1296 2155 Novae

148 2193 280 2261 scilicet
295 2195 483 2262 comoediae
502 2198 585 2262 bene
599 2195 754 2261 novimus
779 2194 906 2261 milites
921 2193 1101 2279 gloriosos,
1125 2191 1295 2279 parasitos

148 2297 332 2387 improbos,
350 2301 548 2367 meretrices
563 2301 720 2387 periuras
738 2304 813 2382 eto,
830 2321 915 2386 quae
930 2319 1154 2387 personarum
1168 2317 1296 2383 genera

113 2484 119 2499 ι
149 2406 265 2469 utrum
287 2405 322 2470 in
345 2405 407 2472 hac
438 2428 481 2471 an
510 2405 572 2472 illa
601 2406 717 2472 fabula
745 2408 891 2486 exstent,
922 2409 1036 2470 utrum
1058 2404 1147 2491 apud
1171 2397 1295 2469 Teren·

148 2507 234 2574 tium
249 2531 294 2575 an
312 2510 402 2597 apud
416 2510 576 2578 Plautum
598 2511 826 2589 inveniantur,
851 2509 1048 2596 plerumque
1071 2530 1137 2573 non
1152 2507 1295 2573 multum
1336 2496 1339 2503 ’

148 2613 266 2694 refert,
298 2638 371 2680 cum
399 2615 531 2682 eosdem
554 2615 628 2681 fere
652 2637 761 2681 mores
787 2637 917 2701 semper
945 2614 1175 2702 praebeant1).
1222 2613 1296 2678 Iam

148 2719 223 2805 ipsa
245 2742 466 2806 personarum
488 2721 623 2788 nomina
655 2718 835 2786 secundum
867 2723 992 2785 certam
1021 2717 1294 2785 consuetudinem

149 2827 258 2895 electa
281 2851 356 2895 esse
378 2851 396 2895 e
420 2828 546 2896 scholio
568 2850 636 2893 non
667 2826 769 2893 semel
800 2827 917 2893 adlato
942 2826 1006 2891 Ad.
1021 2826 1106 2891 cal
1129 2825 1293 2905 novimus,

148 2934 240 3000 cuius
271 2933 337 2999 huc
368 2933 537 3021 quadrant
560 2935 666 2999 verba
689 2932 789 3000 haec:
823 2955 952 3013 ,servus
983 2930 1092 2996 fidelis
1118 2929 1294 3009 Parmeno,

147 3038 294 3104 infidelis
330 3037 440 3123 Syrus
475 3038 531 3106 vel
555 3038 655 3119 Geta,
688 3039 785 3104 miles
809 3037 940 3103 Thraso
964 3035 1020 3103 vel
1044 3035 1213 3113 Polemon,
1245 3033 1294 3099 iu·

148 3143 242 3210 venis
266 3143 474 3230 Pamphilus,
505 3147 664 3210 matrona
685 3143 842 3228 Myrrina
871 3146 907 3208 et
933 3163 1018 3228 puer
1041 3140 1096 3206 vel
1126 3141 1168 3205 ab
1192 3138 1295 3204 odore

148 3249 276 3316 Storax
292 3249 347 3315 vel
363 3271 383 3315 a
398 3248 478 3314 ludo
502 3259 537 3314 et
559 3232 820 3334 gesticulatione
837 3247 969 3327 Scirtus
993 3250 1029 3312 et
1051 3245 1134 3311 item
1150 3243 1293 3325 similia‘,
1345 3316 1349 3322 .

148 3354 189 3418 cf.
216 3375 300 3441 quae
329 3375 433 3440 porro
466 3353 506 3418 de
529 3353 717 3419 nominibus
741 3376 803 3439 per
834 3351 1038 3436 ἀντίφρασιν
1070 3349 1236 3437 impositis
1259 3348 1296 3414 in

148 3457 273 3524 scholio
287 3462 453 3525 annotata
466 3462 555 3523 sunt.
584 3457 679 3538 Quae
691 3457 731 3523 de
744 3455 1099 3542 nominibuseligendis
1112 3458 1295 3541 praecepta

147 3585 212 3628 non
227 3547 455 3630 necessarium
471 3584 544 3629 esse
559 3562 720 3647 religiose
736 3565 871 3648 epoeta
886 3561 1062 3627 observari
1077 3583 1119 3624 ex
1140 3559 1202 3624 hoc
1219 3581 1293 3634 uno,

147 3667 236 3754 quod
252 3668 396 3754 exempli
410 3668 526 3752 gratia
542 3668 657 3744 affero,
680 3689 868 3752 cognosces
892 3666 980 3753 quod
997 3664 1228 3751 Adelphorum
1245 3665 1294 3729 fa-

147 3773 247 3840 bulae
259 3795 368 3854 servo,
381 3795 477 3860 quem
490 3772 624 3838 fidelem
636 3795 709 3838 esse
726 3773 798 3859 ipse
810 3771 944 3858 quidem
959 3770 1143 3837 scholiasta
1154 3768 1294 3854 insuper

147 3880 290 3944 annotat
307 3900 350 3943 ss.
367 3878 441 3943 288.
455 3878 484 3959 2,
503 3877 575 3942 301.
590 3878 608 3941 1
627 3876 707 3963 (vid.
724 3899 755 3963 p.
768 3878 833 3961 28),
850 3877 959 3963 ipsum
975 3874 1084 3940 Getae
1100 3895 1219 3939 nomen
1236 3873 1293 3936 im-

239 4151 264 4215 1)
284 4149 335 4201 Hic
355 4163 421 4202 sane
440 4148 516 4201 locus
535 4162 589 4198 non
610 4152 652 4199 est
678 4144 869 4213 investigandi,
897 4142 1031 4209 quomodo
1058 4148 1148 4194 tamen
1175 4139 1294 4194 assecuti

146 4240 201 4292 siut
213 4245 321 4308 poetae,
342 4244 439 4291 utnon
454 4237 585 4290 molestae
604 4236 701 4290 fierent
720 4234 923 4303 spectatoribus
943 4232 1013 4285 tales
1032 4245 1167 4299 personae
1187 4244 1293 4295 semper

146 4343 309 4397 semperque
326 4326 471 4394 repetitae,
491 4342 551 4380 cum
570 4327 598 4378 iu
617 4324 728 4379 scholiis
748 4323 814 4376 nihil
835 4322 869 4376 de
889 4323 940 4374 hac
959 4336 990 4374 re
1009 4329 1106 4374 exstet.
