2946 4734
702 248 742 313 16

234 420 287 487 De
309 419 624 507 Agamemnone
647 421 850 488 conferenda
873 443 916 488 ss.
941 421 1037 504 1247,
1063 420 1158 488 1250.

234 524 461 598 Menelaus
485 527 628 612 praebet
650 526 846 610 ὑβριστικὸν
868 521 954 610 ήθος
977 523 1101 612 (1047).

234 629 460 697 Tecmessa
489 633 542 697 est
565 632 716 714 αἰδήμων
738 631 824 717 (520,
848 629 937 716 506),
968 631 1090 706 εόνους
1120 631 1206 716 πρὸς
1235 631 1296 695 τὸν

149 737 327 819 δεσπότην,
350 738 574 820 φιλόστοργος
596 735 683 822 (201,
707 737 783 813 485,
807 735 894 820 791),
916 739 1055 819 γεννική
1076 737 1182 823 atque
1204 733 1295 801 ἐλευ-
1383 798 1391 814 ,

147 840 264 926 θέριος
287 842 512 925 παρρησιάζει,
545 863 607 906 nec
628 844 743 907 tamen
771 863 839 906 non
874 839 1063 926 prudenter
1096 843 1295 925 συναρμόζει

147 957 218 1025 τοῖς
236 958 365 1030 καιροῖς
380 945 467 1032 (485,
484 946 572 1029 495).
616 945 806 1012 Praeterea
828 947 868 1011 ut
890 944 1016 1011 femina
1038 944 1199 1012 indecora
1220 945 1296 1013 visu

147 1034 237 1136 segis
260 1051 359 1136 (010).

234 1157 433 1222 Minerva
465 1160 518 1222 est
550 1156 677 1239 σκληρά
712 1178 774 1222 nec
808 1155 995 1239 εὐλαβεῖται
1028 1157 1066 1220 τδ
1101 1156 1295 1238 νεμεσητόν,

149 1261 272 1349 quippe
295 1282 382 1348 quae
406 1261 452 1327 sit
475 1265 565 1343 θεός,
596 1261 772 1347 omniaque
802 1262 883 1345 μετδι
912 1264 1100 1346 παρρησίας
1121 1259 1207 1327 dicit
1228 1260 1294 1346 (79,

147 1366 211 1452 82).
257 1367 416 1433 Ceterum
440 1368 650 1451 δυσχεραίνει
673 1375 719 1453 τῷ
735 1371 855 1431 Αἴαντι
879 1366 928 1431 ὅτι
952 1365 1107 1431 ἀπώσατο
1129 1365 1192 1448 τήν
1213 1382 1296 1448 συμ-

147 1473 269 1558 μαχίαν
291 1472 393 1555 αὐτῆς
416 1471 471 1558 (1).

191 1586 209 1643 ¹.
235 1575 565 1662 Clytaemestra
589 1563 749 1661 ῥητορική
771 1579 875 1662 τόλμη
899 1576 974 1662 agit
997 1576 1084 1662 (526,
1109 1573 1197 1661 558),
1229 1594 1296 1662 qua

148 1681 259 1748 omnia
283 1681 421 1749 simulat
444 1680 499 1747 vel
521 1680 712 1746 dissimulat
733 1681 820 1766 (660,
840 1681 914 1762 657,
930 1680 1017 1767 766).
1063 1681 1115 1747 De
1137 1679 1294 1746 Paeda·

147 1808 253 1871 gogo
277 1786 319 1851 cf.
345 1809 372 1852 s.
395 1786 469 1852 660.

235 1890 286 1956 00
315 1892 495 1957 Iocasta
525 1891 567 1956 01.
600 1913 643 1958 ss.
668 1891 731 1956 637
761 1894 796 1957 et
821 1892 923 1973 1056,
954 1891 997 1958 dc
1026 1891 1200 1958 Tiresia
1230 1890 1294 1957 366

147 2003 183 2060 et
205 1994 286 2078 411,
311 1996 516 2062 sacerdos
541 1999 692 2080 αἰδήμων
715 1998 769 2063 est
785 1996 861 2078 (46),
886 2000 1036 2064 ceterum
1057 1999 1120 2064 οὐκ
1141 1996 1295 2079 ὀξυωπής

147 2101 192 2176 ὡς
214 2100 361 2184 πρέσβυς
377 2101 460 2187 (78),
485 2101 561 2167 Laii
585 2124 735 2168 servus
760 2123 862 2167 senex
885 2100 1065 2186 αίσθηθεὶς
1086 2112 1147 2169 τοῦ
1170 2103 1295 2178 παντὸς

147 2205 357 2289 ἀρνήσασθαι
374 2209 529 2290 βούλεται
548 2206 607 2291 οὐχ
625 2208 669 2282 ὡς
690 2209 787 2283 είδὼς
798 2205 852 2271 καὶ
865 2206 1161 2290 ἀποκρυπτόμενος
1171 2204 1293 2293 (1146).

235 2311 429 2396 Antigonae
459 2314 605 2377 custos
642 2314 782 2395 ἄγγελος
815 2311 1005 2395 περιπλέκει
1032 2314 1217 2394 τὸνλόγον
1238 2308 1294 2375 καὶ

148 2414 338 2498 εὐλαβεῖται
363 2427 505 2499 σημῆναι
530 2419 567 2482 τὸ
590 2416 742 2500 πραχθέν
766 2416 864 2502 (244).

234 2521 461 2606 Antigona
484 2526 586 2606 atque
608 2522 780 2587 Ismene
803 2520 985 2608 Oedipodis
1002 2520 1141 2588 Colonei
1156 2520 1295 2593 fabulae

148 2628 227 2691 sunt
260 2637 327 2691 τῶν
361 2624 512 2708 ἀρσένων
535 2625 610 2708 περὶ
646 2627 705 2691 τὸν
739 2626 864 2710 πατέρα
896 2629 1192 2710 φιλοστοργότεραι
1215 2626 1294 2711 (ὑπ,

147 2729 220 2811 200,
245 2731 318 2811 238,
344 2730 438 2811 1725,
464 2729 533 2814 14),
567 2730 761 2796 Theseus
794 2735 938 2814 χρηστὸν
960 2733 998 2796 τὸ
1020 2727 1107 2814 ἦθος
1129 2731 1294 2814 είσάγεται

148 2834 246 2920 (551).

234 2939 518 3007 Philoctetae
550 2945 655 3007 νόσον
686 2943 923 3007 commemorat
946 2940 1129 3007 scholiasta
1152 2963 1195 3007 ss.
1218 2941 1292 3022 452,

148 3046 221 3126 732,
247 3048 319 3128 736,
344 3047 417 3127 814,
442 3069 508 3132 qua
531 3050 781 3113 commoveatur
810 3047 982 3112 interdum
1016 3049 1216 3131 δυσφημεῖν,
1250 3046 1293 3113 01.

148 3151 251 3216 etiam
286 3152 387 3217 schol.
420 3152 501 3218 Eur.
535 3151 590 3217 Or.
624 3152 706 3235 286,
739 3151 780 3217 de
827 3151 1112 3238 Neoptolemo
1157 3153 1295 3219 exstant

148 3256 275 3322 scholia
320 3257 371 3340 94,
418 3259 482 3323 805
525 3260 637 3340 λαβὼν
681 3260 721 3322 τδι
763 3260 841 3337 τόξα
878 3258 895 3323 ὁ
934 3260 1072 3340 Πύρρος
1109 3256 1295 3341 ἐσιώπησεν

148 3361 284 3444 ἀπορῶν
307 3367 341 3426 τί
362 3357 426 3447 ἆρα
455 3367 635 3446 ποιήσειεν,
665 3364 729 3429 895
762 3349 1080 3447 ἀδημουείέννοῶν
1104 3362 1154 3428 ὅτι
1180 3361 1294 3445 μέλλει

149 3467 312 3546 ἐξαπατᾶν
335 3471 394 3532 τὸν
418 3471 627 3552 Φιλοκτήτην
650 3475 729 3549 κτλ,
754 3469 796 3535 01.
816 3470 900 3533 1222
917 3472 952 3534 et
972 3468 1064 3551 1402,
1080 3467 1171 3555 quod
1190 3466 1293 3535 schol.

147 3571 236 3638 falso
260 3594 332 3637 rem
362 3572 519 3658 explicat,
559 3577 738 3659 praeterea
760 3574 802 3640 01.
827 3573 902 3639 Dio.
928 3572 1052 3657 Chrys.
1076 3573 1098 3637 l.
1123 3595 1149 3638 0.
1173 3574 1293 3639 τὸτοῦ

148 3678 387 3760 Νεοπτολέμου
403 3700 445 3743 sc.
463 3674 548 3761 ἦθος
568 3679 780 3761 ὑπερβάλλον
801 3679 959 3761 ἁπλότητι
973 3676 1027 3742 καλ
1047 3677 1199 3764 εὐγενείᾳ
1212 3681 1293 3758 κτλ,

148 3782 206 3867 qui
228 3786 322 3847 recte
344 3782 594 3868 interpretatus
620 3788 673 3849 est
696 3784 785 3871 quod
808 3783 910 3849 schol.
936 3782 1021 3848 1402
1044 3781 1142 3848 falso.

235 3887 285 3953 De
318 3888 532 3954 Deianira
570 3892 605 3954 et
638 3888 828 3955 Hercule
863 3888 1119 3954 Trachiniarnm
1157 3885 1295 3953 fabulae

149 3993 281 4058 omnino
315 3993 400 4059 nihil
431 4016 449 4060 e
477 3993 596 4059 Trach.
628 3994 743 4061 scholl.
775 3993 1003 4081 comperimus,
1040 3992 1099 4058 sed
1128 4013 1146 4057 e
1177 3989 1295 4058 scholl.

148 4098 215 4180 Αἰ,
239 4099 279 4163 01.
305 4100 407 4165 schol.
431 4100 486 4165 Ai.
511 4100 584 4181 646,
609 4100 666 4164 uhi
689 4099 869 4166 Deianirae
892 4102 1103 4182 ζηλοτυπίαν,
1125 4117 1192 4184 qua
1215 4095 1296 4163 boni

148 4226 256 4270 mores
280 4206 433 4292 corrupti
465 4206 539 4285 sint¹
557 4204 613 4271 vel
635 4207 897 4291 corrumpantur
929 4203 1069 4290 exponit
1100 4200 1293 4283 scholiasta,

148 4309 191 4375 01.
215 4308 367 4376 etiams.
392 4311 512 4376 Trach.
530 4310 610 4393 630,
635 4310 677 4375 de
700 4309 848 4376 Hercule
871 4308 987 4374 scholl.
1010 4307 1065 4373 Ai.
1089 4307 1151 4372 421
1174 4311 1296 4390 μεγαλ-
