2946 4734
703 207 744 271 71

148 404 307 452 sonarum
329 380 509 466 generibus
533 380 753 448 instituendis
769 387 953 470 praecepta
969 387 1050 450 sunt
1065 387 1180 450 certae
1197 404 1297 469 quae·

147 487 224 552 dam
247 491 364 573 partes
387 485 474 572 legis
506 486 687 552 universae
710 485 752 553 de
776 487 925 554 veritate
949 510 1172 576 personarum
1194 487 1296 555 datae

146 613 255 678 neque
286 591 464 679 quicquam
494 613 618 658 novum
653 594 688 657 et
711 591 883 659 diversum
910 595 1079 660 statuunt.
1120 594 1231 675 Quare
1254 592 1296 658 de

148 696 285 765 scholiis
308 696 480 762 interdum
503 695 673 762 dubitatio
697 696 818 777 oritur,
843 696 904 763 sed
925 719 999 763 cum
1017 697 1093 785 ipsa
1108 697 1150 763 de
1164 720 1297 764 morum

147 802 328 891 generibus
352 804 456 888 atque
478 800 651 888 speciebus
675 803 820 888 probata
843 801 889 868 sit
910 802 1089 883 sententia,
1115 826 1182 869 non
1197 802 1295 868 nimis

148 906 310 994 religiose
332 906 420 974 talia
441 906 697 993 perpendemus.
742 906 930 996 Pergamus
946 907 1054 993 igitur
1078 906 1205 974 scholia
1221 931 1296 974 eno-

61 1092 64 1097 ,
148 1017 239 1080 tare:
259 1013 338 1078 Hec.
351 1013 425 1078 727.
439 1012 468 1090 1,
481 995 637 1114 1111011ζο01
648 1011 689 1079 de
702 1034 781 1078 sene
793 1011 927 1095 comico,
941 1035 1037 1100 quem
1049 1013 1211 1080 immitem
1223 1035 1297 1080 esse
1385 1088 1388 1094 ¹

148 1119 258 1185 solere
282 1141 299 1184 e
323 1117 448 1184 scholio
472 1117 632 1182 sumimus
644 1117 677 1200 1),
702 1118 786 1182 Eun.
811 1118 918 1185 9713
954 1141 1050 1201 ,nunc
1072 1123 1144 1185 tam
1167 1119 1296 1185 otiosus

149 1223 322 1290 inducitur
346 1215 491 1304 senex,
524 1226 563 1289 ut
594 1245 731 1310 neque
762 1245 899 1290 mores
932 1224 1135 1311 increpet
1162 1219 1318 1311 neque

148 1329 376 1416 quicquam
400 1327 659 1414 suspicetur
681 1327 801 1410 mali,
826 1327 886 1394 sed
907 1332 993 1410 stef,
1019 1327 1107 1416 quod
1122 1328 1166 1394 ad
1181 1351 1297 1394 senum

147 1457 255 1521 genus
292 1433 464 1521 pertinere
502 1434 631 1500 clarum
667 1433 708 1499 fit
747 1432 872 1500 scholio
905 1433 986 1500 Hec.
1016 1434 1121 1499 727.1
1161 1433 1295 1515 collato,

148 1540 215 1606 Ad.
238 1540 347 1606 41112
371 1543 421 1621 ,ut
443 1537 586 1623 idiota²)
610 1542 648 1606 et
669 1538 866 1606 comicus
897 1545 1051 1627 pater,
1082 1563 1150 1606 non
1181 1543 1221 1606 ut
1244 1561 1297 1606 sa-

149 1646 245 1734 piens
268 1649 304 1713 et
327 1649 539 1731 praeceptor‘
555 1642 590 1729 ³),
619 1646 684 1711 An.
709 1645 817 1731 praef.
841 1644 903 1710 13
928 1644 1090 1726 ,continet
1112 1667 1157 1711 sc.
1181 1644 1298 1712 fabula

149 1754 246 1817 actus
264 1801 270 1817 .
289 1753 494 1837 .patrum
517 1750 701 1835 piorum‘
725 1750 893 1838 (sequitur
914 1749 1044 1830 lacuna,
1068 1748 1201 1834 deinde)
1226 1771 1297 1832 ,se-

151 1855 247 1921 veri
270 1859 414 1936 senes‘,
447 1853 539 1920 cuius
566 1853 685 1920 scholii
717 1854 906 1921 elocutione
928 1856 1096 1942 probatur
1119 1855 1159 1922 de
1182 1878 1297 1921 senum

149 1961 350 2027 comicorum
373 1981 499 2046 genere
528 1961 604 2046 agi:
634 1959 788 2047 loquitur
811 1959 898 2026 enim
920 1982 1021 2047 porro
1049 1959 1233 2027 scholiasta
1256 1960 1297 2026 de

151 2065 424 2147 ,adulescentulis
447 2065 668 2148 liberalibus,
698 2065 739 2131 de
764 2065 905 2146 ,callidis
930 2065 1060 2148 servis‘,
1092 2065 1133 2130 de
1156 2065 1297 2144 ‚ancillis

150 2170 297 2253 astutis,
328 2170 480 2258 quamvis
503 2192 570 2236 una
593 2170 803 2256 Glycerium,
833 2194 918 2237 unus
940 2170 1069 2253 Davus,
1099 2192 1167 2236 una
1188 2170 1297 2256 Mysis

150 2275 219 2341 sint
243 2275 493 2362 significandae,
526 2299 589 2362 quo
614 2279 875 2342 consentaneum
896 2276 938 2341 fit
961 2275 1162 2342 comicarum
1183 2298 1297 2362 perso·

148 2401 270 2446 narum
292 2402 420 2466 genera
442 2380 478 2446 in
501 2380 612 2447 animo
635 2379 741 2447 fuisse
771 2380 984 2462 scholiastae,
1015 2403 1088 2446 cum
1110 2379 1193 2447 haec
1216 2381 1298 2447 scri·

151 2487 249 2551 beret
258 2509 266 2569 ς
290 2505 377 2572 quae
399 2508 474 2551 cum
490 2486 594 2552 etiam
610 2484 677 2551 Ad.
693 2485 800 2572 praef.
816 2485 875 2551 III
891 2486 911 2550 6
926 2486 962 2551 in
976 2485 1086 2551 animo
1104 2485 1134 2552 ei
1156 2485 1297 2567 fuerint,

151 2612 270 2676 parum
301 2599 395 2656 recte
430 2589 471 2656 de
495 2589 674 2657 Sostratae
706 2612 850 2676 persona
883 2589 1047 2656 iudicavit
1070 2590 1151 2677 (vid.
1174 2613 1206 2677 p.
1231 2590 1296 2675 27).

150 2696 208 2761 Ita
231 2694 334 2761 etiam
365 2694 444 2760 illos
470 2698 597 2781 ,patres
625 2695 710 2781 pios‘
734 2698 770 2761 et
794 2717 899 2777 ,senes
923 2698 1070 2761 severos‘
1093 2694 1297 2782 intellegere

152 2800 322 2866 debemus
359 2800 412 2866 De
434 2799 557 2887 puellis
582 2799 782 2865 liberalibus
806 2799 903 2866 modo
927 2800 1193 2866 commemoratis
1217 2799 1298 2866 haec

150 2907 292 2992 oportet
320 2904 448 2973 scholia
479 2904 712 2998 conferantur,
748 2905 867 2991 quibus
901 2905 1052 2992 quamvis
1086 2904 1126 2970 de
1148 2904 1297 2971 moribus

149 3010 234 3075 nihil
258 3009 331 3076 fere
355 3009 557 3077 exhibeatur
587 3010 786 3076 comicorum
809 3009 1015 3077 consuetudo
1040 3011 1122 3076 bene
1145 3009 1298 3076 illustre·

149 3118 227 3181 tur:
264 3117 329 3181 An.
361 3115 469 3202 praef.
500 3116 519 3180 I
553 3116 573 3180 9
618 3114 855 3196 ,adnotandum
906 3136 985 3181 sane
1036 3113 1298 3200 puellarum

150 3220 419 3287 liberalium
452 3221 487 3285 in
519 3220 713 3308 proscaenio
744 3219 874 3286 nullam
905 3219 1093 3286 orationem
1120 3219 1233 3286 induci
1257 3219 1298 3284 in

150 3326 381 3393 comoedia
429 3325 640 3414 palliata
688 3330 828 3412 praeter
871 3325 1118 3392 invocationem
1159 3324 1298 3391 Iunonis

151 3431 307 3514 Lucinae,
337 3454 423 3519 quae
454 3437 490 3499 et
524 3432 599 3519 ipsa
633 3453 763 3518 quoque
785 3436 864 3518 post
888 3453 1039 3497 scaenam
1063 3431 1138 3497 fieri
1161 3429 1297 3510 solet‘,

151 3536 216 3603 An.
239 3537 349 3602 473.4
373 3541 488 3619 ,nota
511 3536 588 3603 hoc
611 3558 742 3602 versu
766 3535 1034 3623 totidemque
1057 3536 1207 3603 verbis
1231 3534 1299 3599 uti

151 3662 566 3728 omnespuerperas
605 3641 648 3706 in
693 3640 927 3708 comoediis
964 3663 1025 3707 nec
1062 3640 1147 3706 alias
1185 3636 1298 3706 induci

150 3745 245 3833 loqui
267 3745 303 3810 in
326 3745 537 3831 proscaenio;
567 3768 644 3812 nam
666 3745 749 3812 haec
771 3770 838 3814 vox
860 3750 939 3832 post
963 3768 1115 3812 scaenam
1137 3744 1297 3826 tollitur‘,

152 3850 216 3916 Ad.
233 3850 339 3915 4821
367 3839 459 3932 ,nota
480 3840 680 3938 puellarum,
706 3874 791 3938 quae
814 3852 856 3918 in
879 3851 1112 3918 comoediis
1135 3850 1298 3916 honestae

242 4029 269 4094 l)
289 4026 418 4080 Scholion
436 4025 510 4081 infra
529 4029 714 4082 exscribemus
734 4035 817 4094 atque
840 4028 1035 4081 enarrabimus.

239 4118 269 4183 2)
289 4115 324 4169 cf.
346 4131 431 4184 supra
453 4134 478 4184 p.
500 4120 535 4171 26
554 4124 646 4170 annot.

240 4209 269 4274 3)
288 4206 330 4260 De
349 4205 433 4261 schol.
453 4206 504 4260 Ad.
524 4210 584 4261 938.
596 4211 620 4275 3,
650 4206 723 4273 quod
742 4208 875 4260 Varronis
895 4206 1006 4260 exhibet
1024 4221 1129 4272 nomen,
1154 4205 1181 4257 in
1208 4205 1298 4258 altera

151 4296 235 4352 totius
255 4296 347 4364 operis
366 4308 447 4364 parte
466 4295 601 4364 agendum
620 4297 681 4351 erit.
