2946 4734
610 312 834 417 1-31-

182 520 258 577 Ovid.
279 528 329 579 art.
350 525 363 578 Ι
381 526 432 580 500

364 614 486 682 pertinet
503 614 538 669 ad
557 614 655 669 faciem
673 615 783 684 rapidos
797 635 971 688 ,compeccare
993 639 1092 678 mores.

181 713 259 766 Ovid.
279 731 363 769 amor.
383 718 417 770 lll
441 719 521 782 11,41
538 737 578 787 sq.

367 808 417 858 aut
435 805 553 860 formosa
571 807 642 860 foros
660 804 758 872 minus,
777 807 826 858 aut
843 804 933 859 minus
950 806 1085 876 improba,
1104 810 1219 866 vellem:

419 908 473 953 non
492 891 559 946 facit
577 892 612 945 ad
632 909 719 946 mores
737 894 795 945 tam
814 891 888 945 bona
905 893 994 946 forma
1012 895 1107 948 malos.

147 999 292 1080 Denique
314 1002 527 1079 componatur
546 997 714 1061 Menandri
735 996 849 1078 fragm.
874 999 945 1076 584,
968 999 1006 1062 Κ.
1029 1000 1068 1063 ΙΙΙ
1090 1022 1121 1083 p.
1149 1004 1206 1067 177

368 1095 410 1150 dd‘
429 1093 498 1162 ἐσθ’,
517 1091 535 1148 r‘l
554 1098 663 1168 κρίνειν
682 1091 730 1148 τὸν
749 1102 854 1166 γαμεῖν
870 1094 1010 1167 μέλλοντα
1030 1098 1081 1164 δεῖ,

309 1229 310 1232 ,
371 1180 432 1254 ἢτοι
451 1182 576 1254 προςηνῆ
593 1178 621 1252 y?
639 1179 709 1248 ὄψιν
728 1178 745 1254 ἦ
762 1179 883 1254 χρηστὸν
901 1182 1013 1258 τρόπον,

182 1293 210 1343 et
230 1288 308 1342 Ovid.
326 1304 392 1342 rem.
413 1287 463 1340 713

370 1392 421 1429 nec
437 1373 521 1427 solam
538 1371 644 1431 faciem,
663 1388 753 1425 mores
771 1387 881 1440 quoque
898 1373 991 1427 confer
1009 1377 1037 1428 et
1055 1378 1152 1429 artem.
1240 1428 1241 1431 ,

229 1465 358 1548 Optime
392 1464 434 1527 ab
460 1462 680 1539 Aristaeneto,
713 1461 928 1542 Xenophonte
961 1462 1108 1542 Ephesio,
1144 1463 1316 1530 Heliodoro

149 1565 253 1629 onmis
284 1562 404 1627 tollitur
434 1559 611 1636 dubitatio,
638 1560 716 1641 quin
745 1560 826 1623 haec
848 1560 1006 1640 Propertii
1037 1565 1068 1624 et
1090 1560 1196 1626 Ovidii
1219 1563 1317 1627 verba

149 1684 187 1727 ex
217 1659 442 1726 Alexandrinis
475 1657 659 1721 auctoribus
692 1657 847 1738 originem
879 1657 1010 1735 ducant,
1043 1659 1187 1724 scribunt
1215 1662 1318 1727 enim:

149 1763 340 1826 Aristaenet.
318 1746 439 1835 Ι,119
462 1777 491 1820 v
514 1759 551 1822 13
588 1755 658 1818 ἀλλ’
681 1755 756 1818 εἴθε
778 1758 863 1837 μετά
886 1760 941 1837 τῖς
964 1754 1164 1834 εὐπρεπείας
1190 1757 1319 1819 ἐπαπέ-

151 1866 248 1940 σαιμί
276 1878 312 1923 σε
349 1861 404 1940 τῆς
443 1857 518 1936 napi
551 1858 609 1936 ἐμὲ
646 1860 837 1935 προθιΝμιας
876 1855 929 1916 καὶ
958 1879 1003 1974 μη
1027 1853 1147 1935 τρόπος
1176 1856 1321 1942 ἀπειθὴς

150 1957 400 2042 ἅπασοβπσῃ,’
383 1981 420 2019 or
443 1959 479 2020 ed
501 1956 592 2036 μάλα
614 1952 800 2035 redrpaxer
818 1955 975 2038 ἠμορᾳή.
1020 1958 1212 2022 Aristaenet.
1235 1959 1317 2037 112,

149 2083 178 2125 v.
205 2063 237 2124 11
271 2061 332 2140 ἐφη
316 2058 435 2138 r'dopm
457 2061 525 2128 τοῖς
546 2054 680 2136 τρόποις
703 2056 740 2117 εὖ
763 2054 855 2134 μάλα
885 2063 1083 2135 σιμπρεποι
1086 2075 1119 2120 σι
1140 2059 1180 2141 τῇ
1198 2061 1318 2175 μορφῇ.

149 2161 296 2240 Xenoph.
317 2159 330 2222 Ι
353 2160 379 2235 1,
398 2157 417 2220 9
448 2154 609 2237 corda-un
638 2156 676 2217 δὲ
697 2154 787 2234 αὐτῷ
808 2159 875 2227 τοῖς
898 2155 1048 2236 σώματος
1069 2157 1176 2229 καλοῖς
1198 2159 1252 2219 καὶ
1275 2160 1320 2221 cd

150 2264 205 2340 τῆς
230 2262 335 2342 ψυχῆς
356 2255 482 2336 α’γαθοὲ.
526 2256 686 2320 Heliodor.
710 2257 739 2319 X
761 2258 790 2331 9,
813 2276 844 2337 p.
867 2256 937 2333 394,
965 2277 994 2320 v.
1021 2258 1034 2319 l
1069 2258 1154 2335 ἔχειν
1181 2258 1320 2319 ἐνεδείκ-

152 2382 228 2421 rnzo
251 2353 467 2438 onrppoorirrp·
490 2356 591 2418 πλέον
613 2360 652 2439 τῇ
676 2353 744 2440 ὥρᾳ
766 2365 1000 2438 κοσμουμένην.

236 2484 280 2546 At
313 2483 461 2546 iuventus
485 2487 516 2546 et
545 2482 664 2558 forma,
702 2503 785 2564 quae
814 2484 933 2547 amoris
961 2483 1084 2547 lusibus
1114 2486 1211 2565 aptae
1235 2488 1318 2561 sunt,

152 2583 301 2646 facillime
317 2586 348 2645 et
364 2582 526 2646 celerrime
543 2582 724 2659 elabuntur,
739 2602 811 2646 cum
827 2583 994 2646 hominum
1013 2584 1111 2646 vitam
1125 2585 1318 2662 Fortuna,

154 2683 230 2745 dea
247 2682 418 2745 mobilis
440 2681 690 2745 etfelicibus
713 2682 872 2759 invida,
896 2686 995 2762 regat.
1039 2682 1144 2760 Quam
1164 2685 1205 2747 ad
1226 2685 1321 2748 deam

155 2781 409 2863 potentissimam
428 2781 483 2862 qui
500 2785 648 2863 spectant
666 2782 736 2858 loci,
760 2801 797 2844 ex
814 2782 1001 2861 fragmentis
1016 2803 1119 2846 novae
1135 2784 1320 2847 comoediae

156 2903 267 2948 omnes
289 2882 354 2945 fere
377 2881 519 2961 congesti
541 2885 616 2943 sunt
646 2900 665 2943 a
687 2880 817 2943 Rohdio
839 2900 869 2961 p.
893 2881 963 2944 279.
1016 2882 1181 2963 Simulque
1202 2882 1323 2946 Plauti-

156 3002 270 3046 norum
287 2984 319 3044 et
337 2980 602 3044 Terentianorum
620 2980 839 3060 exemplorum
858 2981 1001 3045 collectio
1015 2986 1117 3045 exstat
1132 2982 1165 3044 in
1181 2983 1323 3046 Lorenzii

156 3081 354 3162 praefatione
389 3081 430 3144 ad
464 3080 659 3143 Pseudolum
694 3100 724 3160 p.
749 3080 797 3142 el.
841 3079 913 3157 Quo
945 3082 1083 3157 accedit,
1120 3083 1205 3163 quod
1238 3083 1323 3147 idem

159 3181 306 3244 Rohdius
325 3200 355 3261 p.
379 3170 593 3260 noo-8631).
618 3181 687 3257 378,
707 3181 740 3254 1;
762 3200 793 3261 p.
815 3181 887 3255 436,
901 3181 935 3255 Q
959 3202 989 3262 p.
1012 3182 1082 3258 475,
1096 3181 1131 3257 Ι;
1154 3203 1185 3262 p.
1204 3183 1274 3260 477,
1288 3185 1324 3258 3;

160 3301 191 3361 p.
214 3281 285 3357 493,
303 3280 322 3342 b
346 3279 533 3342 multost
487 3284 533 3342 est
552 3279 582 3342 in
606 3279 814 3360 explicand0,
847 3282 1121 3360 quemadmodum
1144 3282 1225 3346 illius
1246 3284 1325 3347 deae

160 3380 389 3490 descriptiones
412 3383 479 3442 erot
482 3379 537 3442 icis
556 3383 587 3442 et
610 3380 679 3442 aliis
701 3380 856 3444 inferioris
878 3381 948 3443 aevi
969 3381 1097 3445 Graecis
1118 3368 1326 3486 scriptoribus

161 3499 233 3543 cum
258 3479 387 3542 comicis
406 3479 508 3559 poetis
530 3498 717 3543 communes
740 3482 811 3543 sint.
855 3480 946 3557 Quae
966 3502 1038 3545 cum
1061 3483 1106 3544 ita
1125 3501 1159 3544 se
1174 3455 1326 3559 habeant,

161 3580 238 3643 mihi
259 3580 376 3662 probat
377 3598 447 3655 uro,
478 3581 640 3661 quomodo
661 3580 747 3644 hanc
771 3600 900 3663 quoque
920 3583 1014 3646 deam
1036 3581 1245 3661 depingentes
1266 3582 1329 3645 ele-

163 3680 241 3759 giaci
265 3679 473 3742 Alexandrini
504 3699 543 3742 ex
565 3681 739 3744 comoediis
761 3682 876 3744 Atticis
904 3682 1086 3757 hauserint,
1121 3681 1199 3743 nihil
1222 3686 1329 3757 restat,

163 3799 260 3860 quam
285 3783 321 3840 ut
338 3779 560 3843 Romanorum
585 3780 746 3860 elegorum
781 3782 884 3857 locoS,
918 3783 1034 3863 quibus
1056 3781 1169 3843 eadem
1194 3781 1233 3843 de
1255 3781 1331 3844 For-

163 3885 260 3942 tunae
282 3878 426 3958 potentia
450 3883 481 3940 et
501 3879 716 3944 inconstantia
743 3883 860 3959 dicant,
884 3883 1038 3945 adiciam:

197 3994 295 4047 Tibull.
316 3994 349 4045 lll
371 3998 395 4058 3,
405 3995 436 4047 21
448 4012 487 4063 sq.

326 4103 380 4140 non
401 4087 498 4156 opibus
519 4089 624 4140 mentes
643 4087 786 4139 hominum
807 4102 941 4154 curaeque
959 4086 1095 4139 levantur.

378 4191 443 4227 nam
453 4175 576 4228 Fortuna
594 4192 642 4228 sua
659 4177 784 4243 tempora
801 4175 861 4243 lege
881 4173 960 4243 regit.
