2946 4734
706 262 750 328 49

153 450 231 506 τοῦ
265 440 494 523 δράματος
534 436 727 524 ἀνῄρητο
757 443 844 519 κτλ,
880 436 933 501 ΕΙ.
957 437 1022 502 818
1055 447 1152 502 τοῦτο
1187 438 1299 502 οἰκο-

153 555 357 628 νομικῶς.
383 547 415 609 εἰ
428 545 492 626 γὰρ
509 543 704 626 άτορήσασα
720 541 772 607 ε’ττί
789 554 860 618 τοῖς
874 539 1091 626 ἠγγελμένοις
1107 541 1299 607 ἀπέκτεινεν

154 650 276 733 ἑαυτήν
309 650 522 714 διελύετο
564 647 918 730 άνὴὑττόθεσις,
949 645 1005 712 Ai.
1029 646 1299 730 462δαιμονίως
1384 711 1389 724 ,

154 757 343 839 άνθυττάγει
367 757 456 842 αὑτῷ
479 755 518 820 τά
540 764 598 837 της
613 753 804 837 ἀπαλλαγῆς
819 751 873 818 καὶ
896 762 995 818 τοῦτο
1011 751 1160 835 ἀναλύει,
1182 754 1299 836 ἵναμὴ

153 867 266 946 λυθῇ
288 862 308 944 ἡ
330 862 562 938 ὑπόθεσις,
597 858 651 924 El.
676 859 761 924 1174
786 858 1026 941 ἀναγκαῖον
1049 856 1299 940 ἐμφανισθῆναι

152 969 213 1032 τὸν
228 965 400 1050 Ὀρέστην.
426 966 643 1049 διεφθάρη
666 965 742 1046 γὰρ
765 965 811 1029 τὸ
832 963 1086 1028 συνεκτικὸν
1110 973 1182 1046 τῆς
1204 963 1298 1028 ὑκο-

152 1072 313 1147 θέσεως
346 1082 547 1145 σιωττῶνττος
584 1071 706 1149 αὐτοῦ,
752 1068 790 1134 Ο.
813 1068 856 1135 R.
891 1069 956 1134 680
989 1075 1183 1144 πιθανῶς
1218 1071 1299 1152 μετά

152 1180 190 1243 τὸ
213 1177 414 1261 διηλλάχθαι
437 1175 559 1252 αὐτοὺς
587 1175 731 1257 ἐπιζητεῖ
761 1176 823 1256 τὴν
854 1177 974 1252 αἰτίαν,
999 1174 1064 1258 άμα
1090 1171 1126 1238 δὲ
1149 1172 1203 1238 καί
1227 1174 1299 1238 ἵνα

153 1279 1297 1365 άρχὴγένηταιτοῦἀναγνωρισμοῦ,Αἱ.1043πιθανῶς,

154 1389 204 1452 ὅτι
239 1386 279 1452 οὐ
314 1388 547 1469 συμπαθήσων
586 1385 754 1466 πάρεστιν.
791 1383 870 1450 οὐκ
908 1383 1050 1467 ἀργῶς
1084 1385 1104 1448 δ
1114 1381 1129 1448 ὲ
1163 1393 1297 1464 τοῦτο,

153 1494 224 1558 ἀλλ’
249 1493 359 1574 ὥσπερ
393 1491 819 1576 αροτιαρασκευάζων
839 1493 899 1555 τὸν
927 1491 1092 1571 Τεῦκρον,
1123 1488 1210 1554 Med.
1234 1477 1297 1555 922

153 1600 220 1662 ε”δει
243 1597 346 1680 αὐτὴν
370 1595 453 1680 μηδὲ
470 1600 653 1661 κλαίουσαν
667 1596 862 1678 εἰσάγεσθαι
879 1646 885 1659 .
904 1645 910 1659 .
930 1645 936 1658 .
953 1593 1008 1659 καὶ
1024 1595 1297 1679 συμπάσχουσαν.

153 1703 378 1777 ἀπιθάνως
418 1703 481 1784 γάρ
515 1704 577 1777 τὴν
617 1702 774 1782 τοιαύτην
818 1698 1103 1784 διαχειριζομένην
1132 1700 1172 1765 τά
1201 1700 1299 1764 τέκνα

152 1810 294 1891 εἰσάγει,
337 1807 379 1873 cf.
415 1807 518 1873 etiam
547 1805 673 1872 Phoen.
706 1807 788 1882 549,
831 1804 957 1871 Phoen.
988 1805 1032 1870 40
1065 1804 1133 1890 (est
1164 1805 1299 1892 prologi

154 1910 318 1997 scholion)
352 1918 460 1988 καλῶς
492 1911 591 1999 ἑτέρῳ
625 1911 739 1994 ἕτερον
773 1915 953 1991 περίκειται
986 1913 1144 1993 φρύαγμα
1181 1911 1299 1996 (καλῶς

151 2017 208 2082 hic
228 2017 315 2083 idem
340 2018 432 2083 valet
455 2024 559 2105 atque
582 2016 824 2101 οἰκονομικῶς),
847 2015 903 2081 Αἱ.
921 2016 1005 2082 1316
1028 2017 1084 2080 iva
1100 2018 1144 2099 μὴ
1167 2022 1218 2100 εἰη
1242 2017 1298 2082 αὐ-

152 2135 219 2188 τῶν
242 2126 290 2199 εἰς
312 2125 442 2207 μακράν
465 2124 485 2206 ἡ
509 2128 710 2206 φιλονεικία,
736 2123 1002 2205 διαλλακτὴν
1024 2124 1218 2204 εἰσήνεγκεν
1239 2125 1299 2188 τὸν

148 2227 317 2294 Ὀδυσσέα.
352 2239 507 2294 τοιοῦτον
542 2230 604 2311 γάρ
628 2228 645 2293 δ
669 2230 816 2309 καιρὸς
846 2227 1223 2310 ἐζητει·εἰσηκται
1255 2226 1299 2292 δὲ

147 2333 327 2408 Ὀδυσσεὺς
350 2334 394 2409 ὡς
417 2336 523 2418 σοφὸς
546 2332 600 2398 καί
624 2333 849 2416 άμνησίκακος
878 2333 1092 2415 (διαλλακτὴν
1124 2353 1205 2398 sane
1231 2356 1298 2398 non

150 2436 321 2524 potuisset
355 2460 457 2524 agere
491 2437 629 2520 Ulixes,
662 2437 728 2503 nisi
756 2440 862 2522 σοφός
884 2435 939 2501 καὶ
962 2437 1187 2519 άμνησίκακος
1211 2443 1299 2504 esset

151 2541 309 2609 inductus
333 2544 507 2630 aposta),
544 2544 609 2609 An.
635 2544 740 2608 5335
774 2541 960 2627 ,placabilis
992 2545 1029 2608 et
1058 2542 1143 2608 lenis
1175 2545 1298 2609 amicus

150 2670 211 2733 per
235 2651 344 2713 totam
376 2648 527 2714 fabulam
565 2647 737 2713 inducitur
774 2647 950 2728 Chremes,
984 2651 1026 2712 ut
1048 2648 1232 2732 cognitioni
1255 2650 1297 2714 ad

152 2751 309 2818 ultimum
340 2753 506 2819 interesse
541 2753 677 2842 possit‘,
714 2751 780 2817 An.
806 2753 929 2831 901.1,
965 2750 1026 2816 Ph.
1061 2752 1177 2835 1533,
1211 2753 1296 2818 Eun,

150 2855 275 2936 849.4,
309 2856 389 2923 Hec.
413 2859 518 2923 4882
553 2857 687 2940 ,amoris
718 2857 866 2944 impulsu
898 2857 1019 2921 nimius
1050 2856 1102 2922 hic
1132 2860 1186 2922 est
1209 2857 1297 2923 ciros

150 2983 291 3027 uxorem
313 2967 349 3028 et
372 2963 469 3049 quasi
493 2963 618 3028 oblitus
650 2972 685 3029 et
717 2983 797 3028 suae
820 2963 942 3028 matris
967 2967 1003 3028 et
1027 2962 1170 3027 vitiatae
1193 2963 1298 3049 loqui-

151 3070 220 3132 tur.
256 3067 332 3133 sed
361 3067 453 3133 tali
481 3091 584 3154 opus
610 3071 681 3133 est
702 3066 943 3154 Pamphilo
976 3067 1027 3132 ad
1049 3066 1299 3134 huiusmodi

150 3181 466 3257 argumentum,
484 3173 623 3239 donec
647 3171 1296 3258 perveniatadxuruorpopp‘v,

150 3276 185 3340 in
211 3299 278 3363 qua
300 3299 439 3343 uxorem
462 3278 578 3344 reduci
600 3301 734 3344 neeesse
758 3281 830 3359 est‘,
866 3279 970 3343 331.1
997 3329 1051 3357 ,..
1077 3281 1152 3343 tota
1187 3280 1298 3343 oratio

151 3382 322 3470 Pamphili
344 3383 396 3448 ad
419 3390 733 3468 argumentum
757 3387 971 3470 spectans
1002 3385 1170 3449 amatoria
1192 3384 1298 3468 magis

151 3511 251 3575 quam
275 3488 444 3555 maritalis
468 3494 539 3554 est:
574 3511 666 3554 nam
698 3488 840 3556 aliter
870 3512 951 3555 non
975 3489 1298 3575 perveniretur

151 3592 203 3658 ad
224 3592 434 3660 ultimam
456 3594 768 3679 cognitionem
799 3594 990 3661 omnium
1025 3616 1197 3669 rerum,
1232 3595 1299 3660 nisi

152 3697 349 3764 adulescens
371 3699 540 3765 furtivum
563 3707 759 3786 conceptum
782 3699 898 3765 uxoris
923 3703 958 3765 et
974 3704 1110 3786 partum
1124 3699 1298 3785 aliquanto

151 3802 271 3884 lenius,
295 3825 394 3891 quam
421 3805 607 3891 coniugalis
631 3804 726 3870 dolor
750 3807 892 3891 expetit,
917 3804 1156 3885 toleravisset‘,
1180 3805 1297 3886 4051,

152 3909 217 3974 An.
235 3909 310 3974 172.
322 3910 352 3990 a,
377 3909 439 3976 Ph.
457 3910 574 3991 3031,
599 3911 678 3976 nec.
697 3910 813 3989 2331,
839 3911 913 3975 327.
929 3914 955 3990 1,
981 3910 1053 3990 ονε,
1078 3909 1195 3991 3333,
1212 3909 1298 3975 nun.

153 4012 226 4093 941,
251 4011 312 4078 rh.
339 4014 456 4096 1831,
475 4014 497 4099 1)
524 4014 589 4080 Ad,
615 4016 688 4080 763.
705 4016 734 4095 2,
760 4016 833 4079 343.
849 4016 877 4097 3,
903 4015 988 4079 uun.
1010 4015 1118 4078 4332
1152 4014 1237 4093 ‚hino
1260 4021 1299 4079 ut

244 4155 271 4222 1)
291 4153 425 4208 Conferas
446 4170 548 4221 quaeso
577 4171 599 4208 e.
620 4173 644 4223 g.
672 4156 767 4210 scholi.
786 4156 835 4210 Ph.
856 4159 941 4223 832,
970 4158 1012 4208 69.
1024 4158 1049 4220 4,
1077 4158 1173 4220 2031,
1204 4158 1261 4208 156.
1274 4159 1299 4221 3,

155 4246 255 4310 1831,
280 4250 313 4296 ut
331 4242 440 4310 videas,
470 4250 573 4311 quanta
598 4244 692 4298 iudieii
711 4246 866 4299 subtilitate
886 4251 914 4298 et
933 4251 1035 4311 quanto
1054 4243 1156 4311 ingenii
1175 4243 1299 4296 acumine

153 4330 264 4387 fabulae
292 4339 450 4388 contextum
477 4334 627 4389 scholiasta
654 4340 681 4387 et
707 4333 857 4403 dispexerit
884 4339 912 4387 et
930 4333 1086 4387 dissolverit
1105 4340 1188 4399 atque
1207 4333 1299 4400 expla-

1073 4448 1090 4496 4
