2946 4734
683 217 723 281 Pb

204 395 243 460 ori
262 394 371 474 κακον,
393 394 471 458 οὐδὲ
491 399 553 476 μὲν
574 393 709 472 ἐσθλὸν,
731 393 817 476 ἐπήν
836 393 879 456 τοὶ
899 397 1014 475 πρῶτα
1031 403 1169 479 γένηται.

225 514 258 576 ll.
274 513 384 577 XXIV.
405 513 463 576 49:

204 612 322 694 τλητὸν
341 611 404 692 yolo
426 615 552 692 Μοῖραι
572 610 684 692 θυμόν
704 614 816 674 θέσαν
837 609 1076 691 ἀνθρώποισιν.

226 711 260 774 ll.
282 711 391 775 XXIV.
414 712 474 774 525
496 731 561 793 sq.:

207 809 248 884 (ὃς
267 810 328 891 yolo
349 808 579 872 ἐπεκλώσαντο
599 808 675 871 θεοὶ
699 807 835 871 δειλοῖσι
855 811 1032 888 βροτοῖσιν,

207 907 299 988 ζώειν
320 909 520 990 ἀχνυμένοις.

147 1009 206 1074 Od.
225 1010 276 1074 ΧΙ.
299 1010 361 1073 558
376 1030 442 1092 sq.:
476 1007 621 1070 -·oridc'
638 1029 684 1080 τις
701 1002 799 1078 ἄλλος

210 1107 310 1182 αἴτιος
332 1107 418 1171 οἷλλοέ
439 1106 530 1181 Ζεύς.

228 1224 397 1288 Praeterea
412 1225 591 1306 complures
608 1227 715 1304 partes
730 1220 958 1286 consolatoriae
973 1220 1104 1286 Homeri
1122 1223 1314 1287 carminibus

147 1327 222 1388 sunt
237 1324 384 1388 insertae.
415 1326 463 1389 lta
479 1325 634 1389 Achillem
656 1326 687 1385 et
702 1321 840 1385 Patrocli
861 1324 892 1384 et
912 1340 1004 1384 suam
1020 1327 1136 1387 sortem
1153 1325 1312 1404 lugentem

148 1424 329 1487 consolatur
353 1424 462 1488 Thetis
483 1424 679 1488 Graecorum
707 1422 829 1486 cladem
862 1420 935 1484 love
962 1420 1093 1485 iubente
1120 1423 1216 1504 ipsius
1248 1426 1315 1505 glo·

149 1525 214 1587 riae
237 1543 332 1587 causa
354 1525 471 1588 factam
497 1544 562 1588 esse
585 1523 692 1586 dicens
714 1520 876 1603 (ll.XVlll.
890 1521 1024 1601 73-77)
1047 1523 1140 1605 eique
1162 1526 1316 1603 promittit

148 1625 302 1686 ultionem
326 1621 443 1704 (95196)
472 1626 503 1686 et
523 1623 622 1703 ipsius
645 1625 778 1684 mortem
803 1640 869 1684 non
891 1621 1056 1702 ingloriam
1086 1624 1152 1686 fore
1174 1624 1314 1688 affirmat

150 1721 277 1805 (1b8l9)‚
319 1722 482 1785 Priamum
502 1741 577 1785 vero
594 1740 720 1785 summo
743 1719 851 1784 dolore
873 1719 1025 1784 affectum
1043 1721 1181 1785 Achilles
1203 1742 1315 1788 conso-

150 1823 235 1885 latur
256 1820 399 1901 exemplo
421 1820 537 1883 Niobes
568 1819 612 1901 (ll.
634 1817 820 1900 539-620).
863 1819 984 1882 Hector
1010 1820 1138 1900 deinde,
1169 1842 1243 1886 cum
1274 1825 1315 1888 ab

151 1919 377 1984 Andromache
398 1939 497 1983 uxore
519 1919 701 1995 discederet,
723 1937 795 1982 eam
816 1918 909 1982 valde
927 1920 1080 1984 alilictam
1102 1922 1184 1986 elate
1205 1942 1316 1988 conso-

151 2021 235 2084 latur
258 2023 290 2083 et
311 2019 394 2094 dicit,
416 2020 588 2100 quominus
609 2022 746 2082 mortem
762 2021 918 2098 vereatur,
941 2038 974 2082 se
991 2020 1148 2100 prohiberi
1163 2041 1227 2086 non
1249 2028 1314 2088 tarn

152 2117 315 2200 opprobrii
337 2119 451 2181 timore
473 2117 517 2200 (ll.
532 2118 581 2182 Vl.
594 2116 771 2199 ror-lla)
793 2121 824 2181 et
844 2119 967 2199 patriae
989 2138 1098 2183 amore
1118 2120 1318 2204 (mr-446),

152 2239 251 2301 quam
272 2217 370 2298 ipsius
392 2217 603 2298 praedilectae
619 2218 725 2282 uxoris
744 2217 882 2298 periculo
901 2216 1101 2300 (lor-465),
1124 2240 1228 2303 neque
1252 2223 1318 2287 tore

152 2320 321 2383 utcontra
343 2318 505 2381 consilium
528 2317 670 2380 dimnum
694 2317 871 2397 abripiatur
893 2315 1092 2400 (leo-lca).

238 2415 359 2494 Quibus
383 2417 417 2479 in
446 2416 609 2480 sententiis
639 2415 680 2479 ab
702 2415 842 2479 Homero
871 2417 1055 2481 consolandi
1086 2418 1188 2499 gratia
1217 2419 1320 2483 allatis

155 2517 357 2597 agnoscimus
378 2516 408 2577 id
439 2516 525 2596 quod
549 2535 683 2578 numero
704 2515 718 2578 Ι
738 2516 862 2595 notavi,
895 2536 960 2598 quo
987 2518 1232 2582 commendatur
1261 2538 1320 2600 pa·

154 2615 263 2679 tientia
286 2635 362 2695 erga
384 2619 517 2682 deorum
538 2615 742 2697 satorumque
764 2615 937 2693 consilium,
966 2620 998 2680 et
1018 2616 1053 2693 ll,
1082 2637 1155 2680 cum
1176 2621 1321 2682 omniurn

155 2715 323 2779 hominum
344 2722 412 2776 s0sS
433 2714 610 2777 communis
632 2715 829 2794 ostendatur,
859 2716 946 2797 quod
964 2720 1010 2778 est
1032 2717 1124 2798 quasi
1146 2719 1321 2782 consolatio

155 2835 212 2896 per
233 2814 387 2895 exempla.
423 2811 652 2877 Gravissimum
674 2834 749 2877 vero
765 2818 812 2877 est
828 2815 914 2896 quod
930 2816 1024 2879 etiarn
1039 2823 1264 2896 argumentum
1280 2818 1322 2882 IV

158 2914 246 2995 apud
266 2913 440 2977 Homerum
467 2913 635 2976 invenitur.
677 2913 759 2976 Nam
784 2914 921 2978 Achilles
944 2916 1027 2978 vitae
1049 2916 1163 2996 longae
1189 2917 1247 2980 sed
1275 2918 1323 2981 in·

158 3014 275 3096 gloriae
295 3013 435 3094 praefert
461 3015 598 3076 mortem
620 3016 860 3093 praematuram
889 3032 963 3078 cum
991 3014 1088 3094 gloria
1116 3017 1322 3097 sempiterna.

159 3114 268 3195 ltaque
291 3117 359 3177 tota
381 3113 520 3176 inventio
542 3132 626 3194 quae
648 3112 706 3176 luit
724 3113 764 3176 de
783 3117 884 3178 morte
898 3115 1026 3178 Achillis
1048 3115 1089 3179 ad
1112 3116 1325 3183 consolatoria

159 3214 303 3295 pertinet.

243 3312 354 3378 Cetera
364 3312 548 3376 consolandi
559 3317 748 3393 argumenta
760 3314 845 3394 apud
858 3313 1034 3378 Homerum
1046 3315 1172 3379 desunt.
1203 3315 1326 3380 Deinde

160 3417 361 3478 transeamus
383 3412 426 3476 ad
445 3415 558 3493 poetas
579 3412 701 3492 lyricos.

556 3688 588 3750 Β.
619 3689 772 3753 Poetae
797 3689 930 3772 lyrici.

244 3806 453 3870 Archilochus
474 3805 588 3869 Parius
616 3806 738 3886 primus
769 3807 859 3870 nobis
888 3807 1008 3871 occurit
1037 3808 1218 3872 consolator
1245 3809 1330 3874 inter

162 3910 273 3987 poetas
304 3905 577 3985 elegicoiambicos
599 3904 802 3969 Graecorum.
846 3905 1030 3970 Traduntur
1061 3908 1146 3971 enim
1172 3909 1329 3975 nonnulla

163 4006 344 4087 fragmenta
367 4006 486 4086 elegiae
507 4004 549 4068 ad
570 4003 724 4068 Periclem
743 4005 906 4086 quendam
928 4006 1079 4088 scriptae:
1092 4005 1114 4087 ¹)

233 4137 259 4206 ι)
277 4108 412 4206 aerg'nus
430 4137 460 4190 a.
476 4137 505 4191 n.
525 4137 557 4192 e.
577 4135 630 4204 ng.
649 4137 673 4190 e.
691 4153 718 4205 p.
737 4136 797 4191 cas.
