2946 4734
719 199 759 261 28

248 370 324 438 οὔθ’
346 371 427 437 ὅταν
448 373 550 437 ου’τδν
571 376 628 459 ἔχη
648 375 808 459 τάρταρος
830 376 964 463 ηἐρόεις.

147 495 248 558 Immo
271 513 347 557 vero
367 492 408 556 Ill
430 495 528 557 utitur
550 497 742 576 argomento
765 498 902 560 mortem
923 497 1059 562 laudans
1080 498 1168 562 mala
1191 499 1317 563 solven-

147 593 476 675 mwffiffi:

208 725 344 788 πόντων
366 729 428 806 μὲν
449 724 497 810 με)
519 727 621 807 φῦναι
643 726 884 805 ἐπιχθονίοισιν
905 724 1042 809 ἄριστον

252 826 327 909 μηδ’
349 824 473 887 ἐσιδεῖν·
494 824 595 904 aclyde
616 824 705 900 ὀξέος
725 825 844 912 ηἐλίου.

210 925 319 1008 φύντα
339 925 369 986 δ’
391 920 479 997 ὅπως
501 919 624 987 ὤκιστα
645 922 753 998 πύλας
774 925 879 989 Ἀίδαο
901 931 1042 1010 περῆσαι

251 1027 305 1088 καὶ
326 1029 462 1088 κεῖσθαι
484 1024 609 1107 πολλην
628 1029 687 1110 γῆν
708 1025 978 1108 ε’παμησοὶμενον.

149 1145 237 1208 Νευο
259 1147 400 1206 mortuos
421 1142 586 1223 lugeamus
609 1135 719 1207 monet
740 1163 767 1207 v.
794 1143 873 1206 1069
896 1163 963 1226 sq.:

207 1259 360 1343 ’Ἁφρονες
380 1255 555 1339 ἄνθρωποι
577 1258 631 1320 καὶ
651 1258 760 1342 νήπιοι
784 1257 851 1321 οἵτε
873 1257 1041 1334 θανόντας

250 1359 394 1423 κλαίουσ’
415 1358 484 1421 οὐδ’
505 1355 584 1445 ἥβης
605 1354 711 1432 όὶνθος
732 1358 969 1442 ἀπολλύμενον.

234 1534 260 1590 o.
305 1527 481 1610 Aeschylus
501 1527 534 1591 in
556 1548 618 1608 eos
639 1529 692 1610 qui
709 1529 740 1591 in
758 1548 869 1610 pugna
883 1529 969 1610 apud
987 1528 1210 1592 Marathonem
1231 1530 1318 1592 facta

148 1628 270 1692 fortiter
291 1648 350 1709 pro
372 1628 475 1710 patria
496 1632 652 1692 certantes
673 1628 828 1693 interfecti
856 1633 957 1706 erant,
990 1648 1118 1693 carmen
1140 1628 1317 1708 elegiacum

150 1729 259 1791 fecisse
278 1728 425 1805 traditur,
455 1732 487 1792 et
515 1729 628 1792 eodem
659 1729 728 1792 loco
754 1729 907 1793 docemur
930 1749 1004 1793 eum
1025 1728 1180 1792 Simonidi
1199 1726 1263 1792 Ceo
1284 1728 1318 1791 in

151 1828 323 1891 certamine
353 1829 391 1892 de
420 1828 481 1891 hac
509 1848 543 1892 re
571 1829 655 1892 lacto
682 1829 894 1893 succubuisse.
942 1828 1054 1893 Refert
1075 1828 1160 1892 enim
1181 1828 1318 1908 scriptor

149 1927 233 1991 vitae
254 1927 411 2009 Aeschyli,
440 1947 553 1991 causas
575 1929 721 2004 afferens,
750 1929 866 2010 quihus
890 1932 1068 1992 commotus
1089 1931 1185 2008 poeta
1212 1928 1244 1990 in
1269 1926 1318 1990 Si-

149 2028 254 2091 ciliam
276 2048 308 2091 se
330 2026 497 2091 contulerit
509 2025 547 2109 ¹):
577 2027 663 2089 xaroi
688 2027 717 2087 δ’
738 2027 842 2101 ε’νίους
861 2027 897 2090 ἐν
917 2030 963 2108 τῷ
984 2026 1028 2099 εἰς
1047 2026 1123 2099 τοδς
1145 2027 1180 2088 ἐν
1197 2031 1317 2107 Μαρα·

150 2128 235 2188 θῶνι
255 2126 380 2206 ἐλεγείῳ
401 2125 562 2211 ἡσσηθεὶς
580 2128 808 2211 Σιμωνίδῃΐτδ
824 2127 885 2209 γαρ
908 2127 1047 2207 ἐλεγεῖον
1061 2126 1146 2190 πολδ
1163 2130 1218 2208 τῆς
1239 2127 1315 2206 περὶ

148 2226 185 2290 τδ
208 2230 387 2308 συμπαθὲς
408 2225 605 2311 λεπτότητος
631 2234 779 2309 μετέχειν
803 2227 904 2304 θέλει,
936 2226 954 2289 ὃ
981 2230 1041 2289 τοῦ
1063 2224 1244 2306 Αἰσχύλου,
1275 2224 1316 2300 οἷς

149 2329 285 2408 ἔφαμεν,
305 2327 396 2391 ἐστὶν
410 2325 589 2406 α’λλότριον.
612 2329 673 2392 Sed
691 2328 778 2392 aliud
793 2329 932 2393 traditur
947 2329 1146 2409 epigramma
1164 2328 1196 2391 in
1213 2328 1316 2391 socios

148 2427 231 2490 bello
259 2427 408 2508 perditos,
437 2428 596 2510 Aeschylo
625 2429 834 2510 adscriptum,
863 2449 927 2511 quo
959 2429 1086 2504 dicitur,
1117 2447 1317 2510 quamquam

149 2527 216 2590 lata
240 2546 293 2590 eos
318 2528 532 2608 oppresserint
553 2526 633 2609 (arg.
654 2526 687 2609 1),
715 2531 824 2592 tamen
845 2528 945 2608 gloria
966 2548 1076 2593 eorum
1097 2528 1228 2592 celebris
1249 2528 1317 2591 fore

148 2630 350 2707 posterorum
370 2628 525 2691 memoria
544 2627 706 2710 (arg.lV.),
730 2629 788 2709 lrg.
805 2629 842 2692 3:

209 2750 326 2823 κυανέη
345 2742 399 2804 καὶ
421 2742 541 2806 τούσδε
560 2752 733 2824 μενεγχέας
754 2739 876 2806 ὤλεσεν
897 2739 1021 2823 ἄνδρας

250 2845 349 2923 μοῖρα
368 2842 568 2927 πολύῤῥηνον
590 2844 736 2924 πατρίδα
760 2845 942 2926 ῥυομένους.

208 2941 287 3019 ζωόν
308 2941 345 3002 δὲ
367 2947 540 3024 φθιμένων·
558 2942 693 3006 πέλεται
712 2943 812 3022 κλέος,
835 2940 872 3005 οἷ’
887 2965 969 3005 ποτε
990 2945 1087 3023 γυίοις

249 3038 404 3123 τλήμονες
425 3041 580 3105 Ὀσσαίαν
601 3042 808 3124 α’μφιέσαντο
830 3040 929 3105 κόνιν.

149 3156 322 3239 Tyrtaeum
352 3157 447 3238 igitur
473 3164 570 3239 poeta
600 3165 647 3225 est
674 3164 808 3225 secutus.
851 3160 933 3223 Illud
958 3177 1086 3241 quoquo
1109 3155 1314 3238 epigramma,

147 3257 234 3339 quod
259 3257 293 3322 in
314 3263 414 3323 semet
434 3259 537 3340 ipsum
557 3261 733 3344 Aeschylus
751 3259 912 3341 scripsisse
933 3258 1056 3334 dicitur,
1087 3259 1225 3320 ostentat
1248 3274 1315 3319 me·

146 3357 268 3422 moriae
291 3358 396 3438 decus
419 3358 476 3438 irg.
498 3360 535 3422 4:

209 3488 371 3570 Αἰσχύλον
392 3489 611 3573 Εδφωριλονον
631 3491 803 3575 Ἀθηναῖον
824 3491 904 3554 τόδε
925 3490 1039 3554 κεέθει

250 3593 363 3674 μνῆμα
380 3594 630 3673 καταφθιμένον
652 3590 852 3673 πυροφόροιο
872 3590 983 3664 Γέλας.

209 3690 312 3773 α’λκήν
333 3689 362 3749 δ’
386 3689 557 3772 εὐδόκιμον
577 3689 806 3772 Μαραθώνιον
827 3687 926 3764 ἄλσος
947 3687 989 3752 δν
1012 3689 1100 3752 εἴποι
1173 3766 1175 3770 Α

252 3790 305 3853 καί
326 3788 558 3874 βαθυχαιτήεις
578 3792 695 3875 Μῆδος
716 3791 943 3873 ἐπιστάμενος.

219 4009 243 4077 1)
264 4009 345 4078 Apud
365 4009 610 4064 Westermanuum
627 4000 714 4079 biogr.
734 4029 759 4078 p.
783 4011 844 4076 1193
865 4009 954 4078 Bergk
983 4009 1011 4062 P.
1022 4008 1049 4060 L.
1061 4007 1092 4061 G.
1112 4026 1136 4076 p.
1148 4007 1206 4059 570.
